%% This BibTeX bibliography file was created using BibDesk.
%% http://bibdesk.sourceforge.net/


%% Created for micha at 2016-06-10 14:43:44 +0200 


%% Saved with string encoding Unicode (UTF-8) 


@preamble{"\newcommand{\SortNoop}[1]{}"}



@article{FrankeCorreia2016:Vagueness-and-i,
	Author = {Michael Franke and {Jos\'{e} Pedro} Correia},
	Date-Added = {2016-06-10 12:41:48 +0000},
	Date-Modified = {2016-06-10 12:42:06 +0000},
	Journal = {British Journal for the Philosophy of Science},
	Title = {Vagueness and imprecise imitation in signalling games},
	Year = {to appear},
	Bdsk-File-1 = {YnBsaXN0MDDUAQIDBAUGJCVYJHZlcnNpb25YJG9iamVjdHNZJGFyY2hpdmVyVCR0b3ASAAGGoKgHCBMUFRYaIVUkbnVsbNMJCgsMDxJXTlMua2V5c1pOUy5vYmplY3RzViRjbGFzc6INDoACgAOiEBGABIAFgAdccmVsYXRpdmVQYXRoWWFsaWFzRGF0YV8QaC4uLy4uLy4uLy4uL3N5bmMvTGl0ZXJhdHVyZS9GcmFua2VDb3JyZWlhXzIwMTZfVmFndWVuZXNzIGFuZCBpbXByZWNpc2UgaW1pdGF0aW9uIGluIHNpZ25hbGxpbmcgZ2FtZXMucGRm0hcLGBlXTlMuZGF0YU8RAn4AAAAAAn4AAgAADE1hY2ludG9zaCBIRAAAAAAAAAAAAAAAAAAAAM/URuZIKwAAAAx7tR9GcmFua2VDb3JyZWlhXzIwMTZfIzExRkExMTAucGRmAAAAAAAAAAAAAAAAAAAAAAAAAAAAAAAAAAAAAAAAAAABH6EQ04B/+wAAAAAAAAAAAAQAAwAACSAAAAAAAAAAAAAAAAAAAAAKTGl0ZXJhdHVyZQAQAAgAAM/UKsYAAAARAAgAANOAY9sAAAABABgADHu1AAx7OwALqGYACryJAAk+CAACZvkAAgBbTWFjaW50b3NoIEhEOlVzZXJzOgBtaWNoYToARGVza3RvcDoAZGF0YToAc3luYzoATGl0ZXJhdHVyZToARnJhbmtlQ29ycmVpYV8yMDE2XyMxMUZBMTEwLnBkZgAADgCaAEwARgByAGEAbgBrAGUAQwBvAHIAcgBlAGkAYQBfADIAMAAxADYAXwBWAGEAZwB1AGUAbgBlAHMAcwAgAGEAbgBkACAAaQBtAHAAcgBlAGMAaQBzAGUAIABpAG0AaQB0AGEAdABpAG8AbgAgAGkAbgAgAHMAaQBnAG4AYQBsAGwAaQBuAGcAIABnAGEAbQBlAHMALgBwAGQAZgAPABoADABNAGEAYwBpAG4AdABvAHMAaAAgAEgARAASAHVVc2Vycy9taWNoYS9EZXNrdG9wL2RhdGEvc3luYy9MaXRlcmF0dXJlL0ZyYW5rZUNvcnJlaWFfMjAxNl9WYWd1ZW5lc3MgYW5kIGltcHJlY2lzZSBpbWl0YXRpb24gaW4gc2lnbmFsbGluZyBnYW1lcy5wZGYAABMAAS8AABUAAgAM//8AAIAG0hscHR5aJGNsYXNzbmFtZVgkY2xhc3Nlc11OU011dGFibGVEYXRhox0fIFZOU0RhdGFYTlNPYmplY3TSGxwiI1xOU0RpY3Rpb25hcnmiIiBfEA9OU0tleWVkQXJjaGl2ZXLRJidUcm9vdIABAAgAEQAaACMALQAyADcAQABGAE0AVQBgAGcAagBsAG4AcQBzAHUAdwCEAI4A+QD+AQYDiAOKA48DmgOjA7EDtQO8A8UDygPXA9oD7APvA/QAAAAAAAACAQAAAAAAAAAoAAAAAAAAAAAAAAAAAAAD9g==}}

@unpublished{Lipman2009:Why-is-Language,
	Author = {Barton L. Lipman},
	Note = {Manuscript, Boston University},
	Title = {Why is Language Vague?},
	Year = {2009}}

@article{Jaegherde-Jaegher2003:A-Game-Theoreti,
	Author = {{\SortNoop{Jaegher}}de Jaegher, Kris},
	Journal = {Linguistics and Philosophy},
	Number = {5},
	Pages = {637--659},
	Title = {A Game-Theoretic Rationale for Vagueness},
	Volume = {26},
	Year = {2003}}

@article{Deemter2009:Utility-and-Lan,
	Author = {Kees van Deemter},
	Journal = {Journal of Philosophical Logic},
	Number = {6},
	Pages = {607--632},
	Title = {Utility and Language Generation: {T}he Case of Vagueness},
	Volume = {38},
	Year = {2009}}

@article{BlumeBoard2013:Intentional-Vag,
	Author = {Andread Blume and Oliver Board},
	Journal = {Erkenntnis},
	Number = {4},
	Pages = {855-899},
	Title = {Intentional Vagueness},
	Volume = {79},
	Year = {2014}}

@incollection{FrankeJager2010:Vagueness-Signa,
	Author = {Michael Franke and Gerhard J{\"{a}}ger and {\SortNoop{Rooij}}van Rooij, Robert},
	Booktitle = {JSAI-isAI 2010},
	Editor = {T. Onoda and D. Bekki and E. McCready},
	Pages = {45--59},
	Publisher = {Springer},
	Title = {Vagueness, Signaling \& Bounded Rationality},
	Year = {2011}}

@article{OConnor2013:The-Evolution-o,
	Author = {Cailin O'Connor},
	Doi = {10.1007/s10670-013-9463-2},
	Journal = {Erkenntnis},
	Number = {4},
	Pages = {707--727},
	Title = {The Evolution of Vagueness},
	Volume = {79},
	Year = {2014},
	Bdsk-Url-1 = {http://dx.doi.org/10.1007/s10670-013-9463-2}}

@article{FosterYoung1990:Stochastic-Evol,
	Author = {Dean Foster and Peyton Young},
	Doi = {10.1016/0040-5809(90)90011-J},
	Journal = {Theoretial Population Biology},
	Number = {2},
	Pages = {219--232},
	Title = {Stochastic Evolutionary Game Dynamics},
	Volume = {38},
	Year = {1990},
	Bdsk-Url-1 = {http://dx.doi.org/10.1016/0040-5809(90)90011-J}}

@article{FudenbergHarris1992:Evolutionary-Dy,
	Author = {Drew Fudenberg and C. Harris},
	Doi = {10.1016/0022-0531(92)90044-I},
	Journal = {Journal of Economic Theory},
	Number = {2},
	Pages = {420--441},
	Title = {Evolutionary Dynamics with Aggregate Shocks},
	Volume = {57},
	Year = {1992},
	Bdsk-Url-1 = {http://dx.doi.org/10.1016/0022-0531(92)90044-I}}

@article{KandoriMailath1993:Learning-Mutati,
	Author = {Michihiro Kandori and George J. Mailath and Rafael Rob},
	Journal = {Econometrica},
	Number = {1},
	Pages = {29--56},
	Title = {Learning, Mutation, and Long Run Equilibria in Games},
	Volume = {61},
	Year = {1993}}

@article{Young1993:The-Evolution-o,
	Author = {Peyton Young},
	Journal = {Econometrica},
	Number = {1},
	Pages = {57--84},
	Title = {The Evolution of Conventions},
	Volume = {61},
	Year = {1993}}

@article{FudenbergImhof2006:Imitation-Proce,
	Author = {Drew Fudenberg and Lorens A. Imhof},
	Doi = {10.1016/j.jet.2005.04.006},
	Journal = {Journal of Economic Theory},
	Number = {1},
	Pages = {251--262},
	Title = {Imitation Processes with Small Mutations},
	Volume = {131},
	Year = {2006},
	Bdsk-Url-1 = {http://dx.doi.org/10.1016/j.jet.2005.04.006}}

@book{Lewis_1969:Convention,
	Address = {Cambridge, MA},
	Author = {David Lewis},
	Publisher = {Harvard University Press},
	Title = {Convention. A Philosophical Study},
	Year = {1969}}

@article{Warneryd1993:Cheap-Talk-Coor,
	Author = {Karl W\"{a}rneryd},
	Doi = {doi:10.1006/game.1993.1030},
	Journal = {Games and Economic Behavior},
	Number = {4},
	Pages = {532--546},
	Title = {Cheap Talk, Coordination, and Evolutionary Stability},
	Volume = {5},
	Year = {1993},
	Bdsk-Url-1 = {http://dx.doi.org/10.1006/game.1993.1030}}

@article{BlumeKim1993:Evolutionary-St,
	Author = {Andreas Blume and Yong-Gwan Kim and Joel Sobel},
	Doi = {doi:10.1006/game.1993.1031},
	Journal = {Games and Economic Behavior},
	Number = {5},
	Pages = {547--575},
	Title = {Evolutionary Stability in Games of Communication},
	Volume = {5},
	Year = {1993},
	Bdsk-Url-1 = {http://dx.doi.org/10.1006/game.1993.1031}}

@article{Huttegger2007:Evolution-and-t,
	Author = {Simon M. Huttegger},
	Doi = {10.1086/519477},
	Journal = {Philosophy of Science},
	Pages = {1--27},
	Title = {Evolution and the Explanation of Meaning},
	Volume = {74},
	Year = {2007},
	Bdsk-Url-1 = {http://dx.doi.org/10.1086/519477}}

@article{Pawlowitsch2008:Why-Evolution-d,
	Author = {Christina Pawlowitsch},
	Doi = {10.1016/j.geb.2007.08.009},
	Journal = {Games and Economic Behavior},
	Number = {1},
	Pages = {203--226},
	Title = {Why Evolution does not Always Lead to an Optimal Signaling System},
	Volume = {63},
	Year = {2008},
	Bdsk-Url-1 = {http://dx.doi.org/10.1016/j.geb.2007.08.009}}

@article{Barrett2009:The-Evolution-o,
	Author = {Jeffrey A. Barrett},
	Journal = {Theory and Decision},
	Pages = {223--237},
	Title = {The Evolution of Coding in Signaling Games},
	Volume = {67},
	Year = {2009}}

@article{HutteggerSkyrms2010:Evolutionary-Dy,
	Author = {Simon M. Huttegger and Brian Skyrms and Rory Smead and Kevin J. S. Zollman},
	Doi = {10.1007/s11229-009-9477-0},
	Journal = {Synthese},
	Number = {1},
	Pages = {177--191},
	Title = {Evolutionary Dynamics of Lewis Signaling Games: {S}ignaling Systems vs. Partial Pooling},
	Volume = {172},
	Year = {2010},
	Bdsk-Url-1 = {http://dx.doi.org/10.1007/s11229-009-9477-0}}

@book{Skyrms2010:Signals,
	Address = {Oxford},
	Author = {Brian Skyrms},
	Publisher = {Oxford University Press},
	Title = {Signals: {E}volution, Learning, and Information},
	Year = {2010}}

@article{Spence1973:Job-market-sign,
	Author = {Andrew Michael Spence},
	Doi = {doi:10.2307/1882010},
	Journal = {Quarterly Journal of Economics},
	Pages = {355--374},
	Title = {Job market signaling},
	Volume = {87},
	Year = {1973},
	Bdsk-Url-1 = {http://dx.doi.org/10.2307/1882010}}

@article{CrawfordSobel1982:Strategic-Infor,
	Author = {Vincent P. Crawford and Joel Sobel},
	Journal = {Econometrica},
	Pages = {1431--1451},
	Title = {Strategic Information Transmission},
	Volume = {50},
	Year = {1982}}

@article{JagerMetzger2011:Voronoi-Languag,
	Author = {Gerhard J{\"{a}}ger and Lars P. Metzger and Frank Riedel},
	Doi = {10.1142/S0219525911500226},
	Journal = {Games and Economic Behavior},
	Number = {2},
	Pages = {517--537},
	Title = {Voronoi Languages: {E}quilibria in Cheap-Talk Games with High-Dimensional Types and Few Signals},
	Volume = {73},
	Year = {2011},
	Bdsk-Url-1 = {http://dx.doi.org/10.1142/S0219525911500226}}

@incollection{CookKay2005:The-World-Color,
	Address = {Dordrecht},
	Author = {Richard S. Cook and Paul Kay and Terry Regier},
	Booktitle = {Handbook of Categorization in Cognitive Science},
	Editor = {H. Cohen and C. Lefebvre},
	Pages = {223--242},
	Publisher = {Elsevier},
	Title = {The World Color Survey Database: {H}istory and Use},
	Year = {2005}}

@book{WCS,
	Address = {Stanford},
	Author = {Kay, P. and Berlin, B. and Maffi, L. and Merrifield, W. R. and Cook, R.},
	Publisher = {Center for the Study of Language and Information},
	Title = {The World Color Survey},
	Year = {2009}}

@article{Regier07,
	Author = {Regier, T. and Kay, P. and Khetarpal, N.},
	Journal = {Proceedings of the National Academy of Sciences},
	Pages = {1436-1441},
	Title = {Color naming reflects optimal partitions of color space},
	Volume = {104},
	Year = {2007}}

@incollection{Jager2010,
	Address = {Berlin, Heidelberg},
	Author = {J{\"a}ger, Gerhard},
	Booktitle = {Logic, Language and Meaning: 17th Amsterdam Colloquium, Amsterdam, The Netherlands, December 16-18, 2009, Revised Selected Papers},
	Doi = {10.1007/978-3-642-14287-1_2},
	Editor = {Aloni, Maria and Bastiaanse, Harald and Jager, Tikitu and Schulz, Katrin},
	Isbn = {978-3-642-14287-1},
	Pages = {11--20},
	Publisher = {Springer Berlin Heidelberg},
	Title = {Natural Color Categories Are Convex Sets},
	Url = {\url{http://dx.doi.org/10.1007/978-3-642-14287-1_2}},
	Year = {2010},
	Bdsk-Url-1 = {http://dx.doi.org/10.1007/978-3-642-14287-1_2}}

@article{JagerRooijvan-Rooij2007:Language-Struct,
	Author = {Gerhard J{\"{a}}ger and {\SortNoop{Rooij}}van Rooij, Robert},
	Doi = {10.1007/s11229-006-9073-5},
	Journal = {Synthese},
	Number = {1},
	Pages = {99--130},
	Title = {Language Structure: Psychological and Social Constraints},
	Volume = {159},
	Year = {2007},
	Bdsk-Url-1 = {http://dx.doi.org/10.1007/s11229-006-9073-5}}

@unpublished{Correia2015,
	Author = {Correia, Jos{\'e} Pedro and Ocel{\'a}k, Radek and Ma{\v s}ek, Jan},
	Doi = {10.13140/RG.2.1.1375.5763},
	Note = {manuscript},
	Title = {Towards more realistic modeling of linguistic color categorization},
	Url = {http://dx.doi.org/10.13140/RG.2.1.1375.5763},
	Year = {2016},
	Bdsk-Url-1 = {http://dx.doi.org/10.13140/RG.2.1.1375.5763}}

@book{Croft2003:Typology-and-Un,
	Address = {Cambridge, UK},
	Author = {William Croft},
	Publisher = {Cambridge University Press},
	Title = {Typology and Universals},
	Year = {2003}}

@incollection{Haspelmath2003:The-geometry-of,
	Address = {Mahwah, New Jersey},
	Author = {Martin Haspelmath},
	Booktitle = {The new psychology of language, {Vol.~II}},
	Editor = {Michael Tomassello},
	Pages = {211--242},
	Publisher = {Lawrence Erlbaum},
	Title = {The geometry of grammatical meaning: {S}emantic maps and cross-linguistic comparison},
	Year = {2003}}

@article{LevinsonMeira2003:Natural-concept,
	Author = {Stephen Levinson and S\'{e}rgio Meira and {The Language and Cognition Group}},
	Journal = {Language},
	Number = {3},
	Pages = {485--516},
	Title = {`Natural concepts' in the spatial topological domain - adpositional meanings in crosslinguistic perspective: {A}n exercise in semantic typology},
	Volume = {79},
	Year = {2003}}

@book{Gardenfors2000:Conceptual-Spac,
	Author = {Peter G\"{a}rdenfors},
	Publisher = {MIT Press},
	Title = {Conceptual Spaces: {T}he Geometry of Thought},
	Year = {2000}}

@article{Jager2007:The-Evolution-o,
	Author = {Gerhard J{\"{a}}ger},
	Doi = {doi:10.1007/s10988-008-9024-3},
	Journal = {Linguistics and Philosophy},
	Number = {5},
	Pages = {551--564},
	Title = {The Evolution of Convex Categories},
	Volume = {30},
	Year = {2007},
	Bdsk-Url-1 = {http://dx.doi.org/10.1007/s10988-008-9024-3}}

@article{OConnor2014-OCOEPC,
	Author = {Cailin O'Connor},
	Journal = {Philosophy of Science},
	Number = {5},
	Pages = {110--121},
	Title = {Evolving Perceptual Categories},
	Volume = {81},
	Year = {2014}}

@article{DouvenDecock2011:Vagueness:-A-Co,
	Author = {Igor Douven and Lieven Decock and Richard Dietz and Paul Egr\'{e}},
	Doi = {10.1007/s10992-011-9216-0},
	Journal = {Journal of Philosophical Logic},
	Number = {1},
	Pages = {137--160},
	Title = {Vagueness: {A} Conceptual Spaces Approach},
	Volume = {42},
	Year = {2011},
	Bdsk-Url-1 = {http://dx.doi.org/10.1007/s10992-011-9216-0}}

@article{DecockDouven2012:What-is-Graded-,
	Author = {Lieven Decock and Igor Douven},
	Journal = {No\^us},
	Pages = {1--30},
	Title = {What is Graded Membership?},
	Year = {2012}}

@article{Hutteger:2007-Evol-Indicatives-Imperatives,
	Author = {Simon M. Huttegger},
	Journal = {Erkenntnis},
	Pages = {409--436},
	Title = {Evolutionary Explanations of Indicatives and Imperatives},
	Volume = {66},
	Year = {2007}}

@incollection{KirbyHurford2002:The-Emergence-o,
	Author = {Simon Kirby and James R. Hurford},
	Booktitle = {Simulating the Evolution of Language},
	Editor = {A. Cangelosi and D. Parisi},
	Pages = {121--148},
	Publisher = {Springer},
	Title = {The Emergence of Linguistic Structure: {A}n Overview of the Iterated Learning Model},
	Year = {2002}}

@article{SmithKirby2003:Iterated-Learni,
	Author = {Kenny Smith and Simon Kirby and Henry Brighton},
	Journal = {Artificial Life},
	Pages = {371--386},
	Title = {Iterated Learning: {A} Framework for the Emergence of Language},
	Volume = {9},
	Year = {2003}}

@article{GriffithsKalish2007:Language-Evolut,
	Author = {Thomas L. Griffiths and Michael L. Kalish},
	Journal = {Cognitive Science},
	Pages = {441--480},
	Title = {Language Evolution by Iterated Learning with Bayesian Agents},
	Volume = {31},
	Year = {2007}}

@article{KirbyGriffith2014:Iterated-Learni,
	Author = {Simon Kirby and Tom Griffith and Kenny Smith},
	Journal = {Current Opinion in Neurobiology},
	Pages = {108--114},
	Title = {Iterated Learning and the Evolution of Language},
	Volume = {28},
	Year = {2014}}

@article{NowakPlotkin2000:The-Evolution-o,
	Author = {Martin A. Nowak and Joshua B. Plotkin and Vincent A. A. Jansen},
	Doi = {10.1038/35006635},
	Journal = {Nature},
	Number = {30},
	Title = {The Evolution of Syntactic Communication},
	Volume = {404},
	Year = {2000},
	Bdsk-Url-1 = {http://dx.doi.org/10.1038/35006635}}

@article{NowakKomarova2001:Evolution-of-Un,
	Author = {Martin A. Nowak and Natalia L. Komarova and Partha Niyogi},
	Doi = {10.1126/science.291.5501.114},
	Journal = {Science},
	Number = {5501},
	Pages = {114--118},
	Title = {Evolution of Universal Grammar},
	Volume = {291},
	Year = {2001},
	Bdsk-Url-1 = {http://dx.doi.org/10.1126/science.291.5501.114}}

@article{TaylorJonker1978:Evolutionary-St,
	Author = {Peter D. Taylor and Leo B. Jonker},
	Journal = {Mathematical Bioscience},
	Number = {1--2},
	Pages = {145--156},
	Title = {Evolutionary Stable Strategies and Game Dynamics},
	Volume = {40},
	Year = {1978}}

@article{Helbing1996:A-Stochastic-Be,
	Author = {Dirk Helbing},
	Doi = {10.1007/BF00133171},
	Journal = {Theory and Decision},
	Number = {2},
	Pages = {149--179},
	Title = {A Stochastic Behavioral Model and a `Microscopic' Foundation of Evolutionary Game Theory},
	Volume = {40},
	Year = {1996},
	Bdsk-Url-1 = {http://dx.doi.org/10.1007/BF00133171}}

@article{Schlag1998:Why-Imitate-and,
	Author = {Karl H. Schlag},
	Doi = {doi:10.1006/jeth.1997.2347},
	Journal = {Journal of Economic Theory},
	Number = {1},
	Pages = {130--156},
	Title = {Why Imitate, and If So, How?},
	Volume = {78},
	Year = {1998},
	Bdsk-Url-1 = {http://dx.doi.org/10.1006/jeth.1997.2347}}

@book{Cressman2003:Evolutionary-Dy,
	Address = {Cambridge, MA},
	Author = {Ross Cressman},
	Publisher = {MIT Press},
	Title = {Evolutionary Dynamics and Extensive Form Games},
	Year = {2003}}

@book{HofbauerSigmund1998:Evolutionary-Ga,
	Address = {Cambridge, Massachusetts},
	Author = {Josef Hofbauer and Karl Sigmund},
	Publisher = {Cambridge University Press},
	Title = {Evolutionary Games and Population Dynamics},
	Year = {1998}}

@book{Sandholm2010:Population-Game,
	Address = {Cambridge, MA},
	Author = {William H. Sandholm},
	Publisher = {MIT Press},
	Title = {Population Games and Evolutionary Dynamics},
	Year = {2010}}

@incollection{luce-detection-1963,
	Author = {{Luce}, R. Duncan},
	Booktitle = {Handbook of {{Mathematical Psychology}}},
	Pages = {1--103},
	Publisher = {{John Wiley \& Sons.}},
	Title = {Detection and {{Recognition}}},
	Year = {1963}}

@article{Nosofsky1986:Attention-Simil,
	Author = {Robert M. Nosofsky},
	Journal = {Journal of Experimental Psychology: General},
	Number = {1},
	Pages = {39--57},
	Title = {Attention, Similarity, and the Identification-Categorization Relationship},
	Volume = {115},
	Year = {1986}}

@incollection{donkin-why-2015,
	Author = {{Donkin}, Chris and {Rae}, Babette and {Heathcote}, Andrew and {Brown}, Scott D.},
	Booktitle = {The Oxford Handbook of Computational and Mathematical Psychology},
	Editor = {{Busemeyer}, Jerome R. and {Wang}, Zheng and {Townsend}, James T. and {Eidels}, Ami},
	Pages = {121--141},
	Publisher = {{Oxford University Press}},
	Title = {Why Is Accurately Labeling Simple Magnitudes So Hard? A Past, Present, and Future Look at Simple Perceptual Judgment},
	Year = {2015}}

@article{Wilson1994,
	Author = {David S. Wilson and Elliott Sober},
	Doi = {10.1017/S0140525X00036104},
	Issn = {1469-1825},
	Journal = {Behavioral and Brain Sciences},
	Month = {12},
	Pages = {585--608},
	Title = {Reintroducing group selection to the human behavioral sciences},
	Volume = {17},
	Year = {1994},
	Bdsk-Url-1 = {http://dx.doi.org/10.1017/S0140525X00036104}}

@article{OGorman2008,
	Author = {Rick O'Gorman and Kennon M. Sheldon and David S. Wilson},
	Doi = {10.1037/1089-2699.12.1.17},
	Issn = {1930-7802},
	Journal = {Group Dynamics: Theory, Research, and Practice},
	Number = {1},
	Pages = {17--26},
	Title = {{For the good of the group? Exploring group-level evolutionary adaptations using multilevel selection theory.}},
	Volume = {12},
	Year = {2008},
	Bdsk-Url-1 = {http://dx.doi.org/10.1037/1089-2699.12.1.17}}

@book{Luce1959:Individual-Choi,
	Address = {New York},
	Author = {R. Duncan Luce},
	Publisher = {Wiley},
	Title = {Individual Choice Behavior: {A} Theoretical Analysis},
	Year = {1959}}

@article{McFadden1976:Quantal-Choice-,
	Author = {Daniel Mc{F}adden},
	Journal = {Annals of Economic and Social Measurement},
	Number = {4},
	Pages = {363--390},
	Title = {Quantal Choice Analysis: A Survey},
	Volume = {5},
	Year = {1976}}

@incollection{GoereeHolt2008:Quantal-Respons,
	Address = {Basingstoke},
	Author = {Goeree, Jacob K. and Holt, Charles A. and Palfrey, Thomas R.},
	Booktitle = {The New Palgrave Dictionary of Economics},
	Editor = {Durlauf, Steven N. and Blume, Lawrence E.},
	Publisher = {Palgrave Macmillan},
	Title = {Quantal Response Equilibrium},
	Year = {2008}}
