@article{Borgers1997,
title = "Learning Through Reinforcement and Replicator Dynamics ",
journal = "Journal of Economic Theory ",
volume = "77",
number = "1",
pages = "1 - 14",
year = "1997",
note = "",
issn = "0022-0531",
doi = "http://dx.doi.org/10.1006/jeth.1997.2319",
url = "http://www.sciencedirect.com/science/article/pii/S002205319792319X",
author = "Tilman Börgers and Rajiv Sarin",
}




@article{Mohlin2014:Optimal-Categor,
	Author = {Erik Mohlin},
	Journal = {Journal of Economic Theory},
	Pages = {356--381},
	Title = {Optimal Categorization},
	Volume = {152},
	Year = {2014}}


@ARTICLE{Hopkins2005,
title = {Attainability of boundary points under reinforcement learning},
author = {Hopkins, Ed and Posch, Martin},
year = {2005},
journal = {Games and Economic Behavior},
volume = {53},
number = {1},
pages = {110-125},
url = {http://EconPapers.repec.org/RePEc:eee:gamebe:v:53:y:2005:i:1:p:110-125},
}

@ARTICLE{Beggs2005,
title = {On the convergence of reinforcement learning},
author = {Beggs, Alan},
year = {2005},
journal = {Journal of Economic Theory},
volume = {122},
number = {1},
pages = {1-36},
url = {http://EconPapers.repec.org/RePEc:eee:jetheo:v:122:y:2005:i:1:p:1-36},
}

@article{Jager2007,
    volume = {30},
    number = {5},
    author = {Gerhard J\"a{}ger},
    title = {The Evolution of Convex Categories},
    journal = {Linguistics and Philosophy},
    year = {2007},
    pages = {551--564},
}

@inbook{Mehlberg1958,
	author = {Henryk Mehlberg},
	title = {Truth and vagueness},
    booktitle = {The Reach of Science},
    year = {1958},
    pages = {256--259},
    publisher = {University of Toronto Press},
}

@article{Fine1975,
	author = {Kit Fine},
	title = {Vagueness, Truth and Logic},
	year = {1975},
	journal = {Synthese},
	volume = {30},
	number = {3-4},
	pages = {265--300},
}

@article{Machina1976,
	author = {Kenton F. Machina},
	title = {Truth, Belief, and Vagueness},
	year = {1976},
	journal = {Journal of Philosophical Logic},
	volume = {5},
	number = {1},
	pages = {47--78},
}

@article{Zadeh1975,
	volume = {30},
	number = {3-4},
	author = {L. A. Zadeh},
	title = {Fuzzy Logic and Approximate Reasoning},
	journal = {Synthese},
	year = {1975},
	pages = {407--428},
}

@incollection{Edgington1997,
	author = {Dorothy Edgington},
	booktitle = {Vagueness: A Reader},
	editor = {Rosanna Keefe and Peter Smith},
	title = {Vagueness by Degrees},
	publisher = {MIT Press},
	year = {1997},
}

@article{OConnor2014-OCOEPC,
	author = {Cailin O'Connor},
	title = {Evolving Perceptual Categories},
	year = {2014},
	journal = {Philosophy of Science},
	volume = {81},
	number = {5},
	pages = {110--121},
}



@incollection{Haspelmath2003:The-geometry-of,
	Address = {Mahwah, New Jersey},
	Author = {Martin Haspelmath},
	Booktitle = {The new psychology of language, {Vol.~II}},
	Editor = {Michael Tomassello},
	Pages = {211--242},
	Publisher = {Lawrence Erlbaum},
	Title = {The geometry of grammatical meaning: {S}emantic maps and cross-linguistic comparison},
	Year = {2003}}


@article{LevinsonMeira2003:Natural-concept,
	Author = {Stephen Levinson and S\'{e}rgio Meira and {The Language and Cognition Group}},
	Journal = {Language},
	Number = {3},
	Pages = {485--516},
	Title = {'Natural concepts' in the spatial topological domain - adpositional meanings in crosslinguistic perspective: {A}n exercise in semantic typology},
	Volume = {79},
	Year = {2003}}


@book{Croft2003:Typology-and-Un,
	Address = {Cambridge, UK},
	Author = {William Croft},
	Publisher = {Cambridge University Press},
	Title = {Typology and Universals},
	Year = {2003}}


@article{Wilson1994,
	author = {David S. Wilson and Elliott Sober},
	title = {Reintroducing group selection to the human behavioral sciences},
	journal = {Behavioral and Brain Sciences},
	volume = {17},
	issue = {04},
	month = {12},
	year = {1994},
	issn = {1469-1825},
	pages = {585--608},
	numpages = {24},
	doi = {10.1017/S0140525X00036104},
}

@article{OGorman2008,
    author = {Rick O'Gorman and Kennon M. Sheldon and David S. Wilson},
    doi = {10.1037/1089-2699.12.1.17},
    issn = {1930-7802},
    journal = {Group Dynamics: Theory, Research, and Practice},
    keywords = {group-selection},
    number = {1},
    pages = {17--26},
    priority = {2},
    title = {{For the good of the group? Exploring group-level evolutionary adaptations using multilevel selection theory.}},
    volume = {12},
    year = {2008},
}

@book{WCS,
    author = {Kay, P. and Berlin, B. and Maffi, L. and Merrifield, W. R. and Cook, R.},
    year = {2009},
    title = {The World Color Survey},
    publisher = {Center for the Study of Language and Information},
    address = {Stanford}
}


@article{KirbyGriffith2014:Iterated-Learni,
	Author = {Simon Kirby and Tom Griffith and Kenny Smith},
	Journal = {Current Opinion in Neurobiology},
	Pages = {108--114},
	Title = {Iterated Learning and the Evolution of Language},
	Volume = {28},
	Year = {2014}}

@article{GriffithsKalish2007:Language-Evolut,
	Author = {Thomas L. Griffiths and Michael L. Kalish},
	Journal = {Cognitive Science},
	Pages = {441--480},
	Title = {Language Evolution by Iterated Learning with Bayesian Agents},
	Volume = {31},
	Year = {2007}}


@article{Regier07,
    author={Regier, T. and Kay, P. and Khetarpal, N.},
    title={Color naming reflects optimal partitions of color space},
    journal={Proceedings of the National Academy of Sciences},
    volume=104,
    year = 2007 ,
    pages = {1436-1441}
}

@Inbook{Jager2010,
    author="J{\"a}ger, Gerhard",
    editor="Aloni, Maria
    and Bastiaanse, Harald
    and Jager, Tikitu
    and Schulz, Katrin",
    chapter="Natural Color Categories Are Convex Sets",
    title="Logic, Language and Meaning: 17th Amsterdam Colloquium, Amsterdam, The Netherlands, December 16-18, 2009, Revised Selected Papers",
    year="2010",
    publisher="Springer Berlin Heidelberg",
    address="Berlin, Heidelberg",
    pages="11--20",
    isbn="978-3-642-14287-1",
    doi="10.1007/978-3-642-14287-1_2",
    url="\url{http://dx.doi.org/10.1007/978-3-642-14287-1_2}"
}

@unpublished{Correia2015,
  doi = {10.13140/RG.2.1.4524.8725},
  url = {http://dx.doi.org/10.13140/RG.2.1.4524.8725},
  author = {Correia, José Pedro and Ocelák, Radek and Mašek, Jan},
  publisher = {Unpublished},
  title = {Towards more realistic modeling of linguistic color categorization},
  year = {in prep.},
  note = {Available at: \url{http://dx.doi.org/10.13140/RG.2.1.4524.8725}}
}

@incollection{luce-detection-1963,
  title = {Detection and {{Recognition}}},
  timestamp = {2016-02-17T15:22:51Z},
  booktitle = {Handbook of {{Mathematical Psychology}}},
  publisher = {{John Wiley \& Sons.}},
  author = {{Luce}, R. Duncan},
  year = {1963},
  pages = {1--103},
  file = {Luce - 1963 - Detection and Recognition.pdf:/home/zepedro/Documents/Papers/Zotero/storage/PIRDEFUN/Luce - 1963 - Detection and Recognition.pdf:application/pdf}
}

@incollection{takane-structures-1992,
  address = {Hillsdale, N.J},
  series = {Scientific psychology series},
  title = {Structures in {{Stimulus Identification Data}}},
  isbn = {978-0-8058-0577-2},
  lccn = {BF311 .M67 1992},
  timestamp = {2016-02-17T18:23:31Z},
  booktitle = {Multidimensional models of perception and cognition},
  publisher = {{L. Erlbaum}},
  author = {{Takane}, Yoshio and {Shibayama}, Tadashi},
  editor = {{Ashby}, F. Gregory},
  year = {1992},
  keywords = {Cognition,Perception}
}

@incollection{donkin-why-2015,
  title = {Why Is Accurately Labeling Simple Magnitudes So Hard? A Past, Present, and Future Look at Simple Perceptual Judgment},
  booktitle = {The Oxford Handbook of Computational and Mathematical Psychology},
  publisher = {{Oxford University Press}},
  author = {{Donkin}, Chris and {Rae}, Babette and {Heathcote}, Andrew and {Brown}, Scott D.},
  editor = {{Busemeyer}, Jerome R. and {Wang}, Zheng and {Townsend}, James T. and {Eidels}, Ami},
  year = {2015},
  keywords = {Psychology / Cognitive Psychology \& Cognition},
  pages = {121--141}
}
