%% This BibTeX bibliography file was created using BibDesk.
%% http://bibdesk.sourceforge.net/


%% Created for micha at 2017-04-30 09:04:20 +0200 


%% Saved with string encoding Unicode (UTF-8) 


@preamble{"\newcommand{\SortNoop}[1]{}"}



@article{VehtariOjanen2012:A-survey-of-Bay,
	Author = {Aki Vehtari and Janne Ojanen},
	Date-Added = {2017-04-30 07:04:10 +0000},
	Date-Modified = {2017-04-30 07:04:10 +0000},
	Doi = {10.1214/12-SS102},
	Journal = {Statistics Surveys},
	Pages = {142--228},
	Title = {A survey of Bayesian predictive methods for model assessment, selection and comparison},
	Volume = {6},
	Year = {2012},
	Bdsk-File-1 = {YnBsaXN0MDDUAQIDBAUGJCVYJHZlcnNpb25YJG9iamVjdHNZJGFyY2hpdmVyVCR0b3ASAAGGoKgHCBMUFRYaIVUkbnVsbNMJCgsMDxJXTlMua2V5c1pOUy5vYmplY3RzViRjbGFzc6INDoACgAOiEBGABIAFgAdccmVsYXRpdmVQYXRoWWFsaWFzRGF0YV8Qdy4uLy4uLy4uL3N5bmMvTGl0ZXJhdHVyZS9WZWh0YXJpT2phbmVuXzIwMTJfQSBzdXJ2ZXkgb2YgQmF5ZXNpYW4gcHJlZGljdGl2ZSBtZXRob2RzIGZvciBtb2RlbCBhc3Nlc3NtZW50LCBzZWxlY3Rpb24ucGRm0hcLGBlXTlMuZGF0YU8RArQAAAAAArQAAgAADE1hY2ludG9zaCBIRAAAAAAAAAAAAAAAAAAAAM6XudNIKwAAAA68MR9WZWh0YXJpT2phbmVuXzIwMTJfIzEyN0MwM0IucGRmAAAAAAAAAAAAAAAAAAAAAAAAAAAAAAAAAAAAAAAAAAABJ8A708I4AQAAAAAAAAAAAAMAAwAACSAAAAAAAAAAAAAAAAAAAAAKTGl0ZXJhdHVyZQAQAAgAAM6Xq8MAAAARAAgAANPCG+EAAAABABgADrwxAA67uQAN7wQADca1AAxPPQACZI4AAgBbTWFjaW50b3NoIEhEOlVzZXJzOgBtaWNoYToARGVza3RvcDoAZGF0YToAc3luYzoATGl0ZXJhdHVyZToAVmVodGFyaU9qYW5lbl8yMDEyXyMxMjdDMDNCLnBkZgAADgC+AF4AVgBlAGgAdABhAHIAaQBPAGoAYQBuAGUAbgBfADIAMAAxADIAXwBBACAAcwB1AHIAdgBlAHkAIABvAGYAIABCAGEAeQBlAHMAaQBhAG4AIABwAHIAZQBkAGkAYwB0AGkAdgBlACAAbQBlAHQAaABvAGQAcwAgAGYAbwByACAAbQBvAGQAZQBsACAAYQBzAHMAZQBzAHMAbQBlAG4AdAAsACAAcwBlAGwAZQBjAHQAaQBvAG4ALgBwAGQAZgAPABoADABNAGEAYwBpAG4AdABvAHMAaAAgAEgARAASAIdVc2Vycy9taWNoYS9EZXNrdG9wL2RhdGEvc3luYy9MaXRlcmF0dXJlL1ZlaHRhcmlPamFuZW5fMjAxMl9BIHN1cnZleSBvZiBCYXllc2lhbiBwcmVkaWN0aXZlIG1ldGhvZHMgZm9yIG1vZGVsIGFzc2Vzc21lbnQsIHNlbGVjdGlvbi5wZGYAABMAAS8AABUAAgAM//8AAIAG0hscHR5aJGNsYXNzbmFtZVgkY2xhc3Nlc11OU011dGFibGVEYXRhox0fIFZOU0RhdGFYTlNPYmplY3TSGxwiI1xOU0RpY3Rpb25hcnmiIiBfEA9OU0tleWVkQXJjaGl2ZXLRJidUcm9vdIABAAgAEQAaACMALQAyADcAQABGAE0AVQBgAGcAagBsAG4AcQBzAHUAdwCEAI4BCAENARUDzQPPA9QD3wPoA/YD+gQBBAoEDwQcBB8EMQQ0BDkAAAAAAAACAQAAAAAAAAAoAAAAAAAAAAAAAAAAAAAEOw==}}

@article{KraussGlucksberg1977:Social-and-nons,
	Author = {R. M. Krauss and S. Glucksberg},
	Date-Added = {2017-04-27 10:40:48 +0000},
	Date-Modified = {2017-04-27 10:40:48 +0000},
	Journal = {Scientific American},
	Pages = {100--105},
	Title = {Social and nonsocial speech},
	Volume = {236},
	Year = {1977}}

@article{KeyzarLin2003:Limits-on-Theor,
	Author = {Boaz Keysar and Shuhong Lin and Dale J. Barr},
	Date-Added = {2017-04-27 10:36:36 +0000},
	Date-Modified = {2017-04-27 10:36:36 +0000},
	Journal = {Cognition},
	Local-Url = {file://localhost/Users/micha/Desktop/data/sync/Literature/KeysarLin_2003_Limits%20on%20Theory%20of%20Mind%20Use%20in%20Adults.pdf},
	Number = {1},
	Pages = {25--41},
	Title = {Limits on Theory of Mind Use in Adults},
	Volume = {89},
	Year = {2003},
	Bdsk-File-1 = {YnBsaXN0MDDUAQIDBAUGJCVYJHZlcnNpb25YJG9iamVjdHNZJGFyY2hpdmVyVCR0b3ASAAGGoKgHCBMUFRYaIVUkbnVsbNMJCgsMDxJXTlMua2V5c1pOUy5vYmplY3RzViRjbGFzc6INDoACgAOiEBGABIAFgAdccmVsYXRpdmVQYXRoWWFsaWFzRGF0YV8QUi4uLy4uLy4uL3N5bmMvTGl0ZXJhdHVyZS9LZXlzYXJMaW5fMjAwM19MaW1pdHMgb24gVGhlb3J5IG9mIE1pbmQgVXNlIGluIEFkdWx0cy5wZGbSFwsYGVdOUy5kYXRhTxECRAAAAAACRAACAAAMTWFjaW50b3NoIEhEAAAAAAAAAAAAAAAAAAAAzpe500grAAAADrwxH0tleXNhckxpbl8yMDAzX0xpbWl0cyNFQkRFQi5wZGYAAAAAAAAAAAAAAAAAAAAAAAAAAAAAAAAAAAAAAAAAAAAOvevGXoZlAAAAAAAAAAAAAwADAAAJIAAAAAAAAAAAAAAAAAAAAApMaXRlcmF0dXJlABAACAAAzperwwAAABEACAAAxl5qRQAAAAEAGAAOvDEADru5AA3vBAANxrUADE89AAJkjgACAFtNYWNpbnRvc2ggSEQ6VXNlcnM6AG1pY2hhOgBEZXNrdG9wOgBkYXRhOgBzeW5jOgBMaXRlcmF0dXJlOgBLZXlzYXJMaW5fMjAwM19MaW1pdHMjRUJERUIucGRmAAAOAHQAOQBLAGUAeQBzAGEAcgBMAGkAbgBfADIAMAAwADMAXwBMAGkAbQBpAHQAcwAgAG8AbgAgAFQAaABlAG8AcgB5ACAAbwBmACAATQBpAG4AZAAgAFUAcwBlACAAaQBuACAAQQBkAHUAbAB0AHMALgBwAGQAZgAPABoADABNAGEAYwBpAG4AdABvAHMAaAAgAEgARAASAGJVc2Vycy9taWNoYS9EZXNrdG9wL2RhdGEvc3luYy9MaXRlcmF0dXJlL0tleXNhckxpbl8yMDAzX0xpbWl0cyBvbiBUaGVvcnkgb2YgTWluZCBVc2UgaW4gQWR1bHRzLnBkZgATAAEvAAAVAAIADP//AACABtIbHB0eWiRjbGFzc25hbWVYJGNsYXNzZXNdTlNNdXRhYmxlRGF0YaMdHyBWTlNEYXRhWE5TT2JqZWN00hscIiNcTlNEaWN0aW9uYXJ5oiIgXxAPTlNLZXllZEFyY2hpdmVy0SYnVHJvb3SAAQAIABEAGgAjAC0AMgA3AEAARgBNAFUAYABnAGoAbABuAHEAcwB1AHcAhACOAOMA6ADwAzgDOgM/A0oDUwNhA2UDbAN1A3oDhwOKA5wDnwOkAAAAAAAAAgEAAAAAAAAAKAAAAAAAAAAAAAAAAAAAA6Y=}}

@article{Keysar2000,
	Annote = {From Duplicate 1 (TAKING PERSPECTIVE IN CONVERSATION : The Role of Mutual Knowledge in Comprehension - Keysar, B.; Barr, D. J.; Balin, J. a.; Brauner, J. S.)

- evidence against early perspective-taking in visual-world paradigm. proposal of early use (because efficient) of egocentricity heuristic. common ground can be used subsequently. 


--{\textgreater} see notes on heller et al

From Duplicate 2 (Taking Perspective in Conversation: The Role of Mutual Knowledge in Comprehension - Keysar, B.; Barr, D. J.; Balin, J. a.; Brauner, J. S.)

From Duplicate 1 ( TAKING PERSPECTIVE IN CONVERSATION : The Role of Mutual Knowledge in Comprehension - Keysar, B.; Barr, D. J.; Balin, J. a.; Brauner, J. S. )

- evidence against early perspective-taking in visual-world paradigm. proposal of early use (because efficient) of egocentricity heuristic. common ground can be used subsequently. 

--{\textgreater} see notes on heller et al},
	Author = {Keysar, B. and Barr, D. J. and Balin, J. a. and Brauner, J. S.},
	Date-Added = {2017-04-27 10:36:36 +0000},
	Date-Modified = {2017-04-27 10:36:36 +0000},
	Doi = {10.1111/1467-9280.00211},
	Journal = {Psychological Science},
	Keywords = {common ground,intropsychling,xprag},
	Number = {1},
	Pages = {32--38},
	Title = {Taking Perspective in Conversation : {T}he Role of Mutual Knowledge in Comprehension},
	Url = {http://pss.sagepub.com/lookup/doi/10.1111/1467-9280.00211},
	Volume = {11},
	Year = {2000},
	Bdsk-Url-1 = {http://pss.sagepub.com/lookup/doi/10.1111/1467-9280.00211},
	Bdsk-Url-2 = {http://dx.doi.org/10.1111/1467-9280.00211}}

@article{Deemter2009:Utility-and-Lan,
	Author = {{van Deemter}, Kees},
	sortname = {Deemter, Kees van},
	Date-Added = {2017-04-27 10:30:27 +0000},
	Date-Modified = {2017-04-27 10:30:27 +0000},
	Journal = {Journal of Philosophical Logic},
	Number = {6},
	Pages = {607--632},
	Title = {Utility and Language Generation: {T}he Case of Vagueness},
	Volume = {38},
	Year = {2009},
	Bdsk-File-1 = {YnBsaXN0MDDUAQIDBAUGJCVYJHZlcnNpb25YJG9iamVjdHNZJGFyY2hpdmVyVCR0b3ASAAGGoKgHCBMUFRYaIVUkbnVsbNMJCgsMDxJXTlMua2V5c1pOUy5vYmplY3RzViRjbGFzc6INDoACgAOiEBGABIAFgAdccmVsYXRpdmVQYXRoWWFsaWFzRGF0YV8QXy4uLy4uLy4uL3N5bmMvTGl0ZXJhdHVyZS9EZWVtdGVyXzIwMDlfVXRpbGl0eSBhbmQgTGFuZ3VhZ2UgR2VuZXJhdGlvbiBUaGUgQ2FzZSBvZiBWYWd1ZW5lc3MucGRm0hcLGBlXTlMuZGF0YU8RAmwAAAAAAmwAAgAADE1hY2ludG9zaCBIRAAAAAAAAAAAAAAAAAAAAM6XudNIKwAAAA68MR9EZWVtdGVyXzIwMDlfVXRpbGl0eSAjRUJDREEucGRmAAAAAAAAAAAAAAAAAAAAAAAAAAAAAAAAAAAAAAAAAAAADrzayOKKCgAAAAAAAAAAAAMAAwAACSAAAAAAAAAAAAAAAAAAAAAKTGl0ZXJhdHVyZQAQAAgAAM6Xq8MAAAARAAgAAMjibeoAAAABABgADrwxAA67uQAN7wQADca1AAxPPQACZI4AAgBbTWFjaW50b3NoIEhEOlVzZXJzOgBtaWNoYToARGVza3RvcDoAZGF0YToAc3luYzoATGl0ZXJhdHVyZToARGVlbXRlcl8yMDA5X1V0aWxpdHkgI0VCQ0RBLnBkZgAADgCOAEYARABlAGUAbQB0AGUAcgBfADIAMAAwADkAXwBVAHQAaQBsAGkAdAB5ACAAYQBuAGQAIABMAGEAbgBnAHUAYQBnAGUAIABHAGUAbgBlAHIAYQB0AGkAbwBuACAAVABoAGUAIABDAGEAcwBlACAAbwBmACAAVgBhAGcAdQBlAG4AZQBzAHMALgBwAGQAZgAPABoADABNAGEAYwBpAG4AdABvAHMAaAAgAEgARAASAG9Vc2Vycy9taWNoYS9EZXNrdG9wL2RhdGEvc3luYy9MaXRlcmF0dXJlL0RlZW10ZXJfMjAwOV9VdGlsaXR5IGFuZCBMYW5ndWFnZSBHZW5lcmF0aW9uIFRoZSBDYXNlIG9mIFZhZ3VlbmVzcy5wZGYAABMAAS8AABUAAgAM//8AAIAG0hscHR5aJGNsYXNzbmFtZVgkY2xhc3Nlc11OU011dGFibGVEYXRhox0fIFZOU0RhdGFYTlNPYmplY3TSGxwiI1xOU0RpY3Rpb25hcnmiIiBfEA9OU0tleWVkQXJjaGl2ZXLRJidUcm9vdIABAAgAEQAaACMALQAyADcAQABGAE0AVQBgAGcAagBsAG4AcQBzAHUAdwCEAI4A8AD1AP0DbQNvA3QDfwOIA5YDmgOhA6oDrwO8A78D0QPUA9kAAAAAAAACAQAAAAAAAAAoAAAAAAAAAAAAAAAAAAAD2w==}}

@article{BaronchelliGong2010:Modeling-the-Em,
	Author = {Andrea Baronchelli and Tao Gong and Andrea Puglisi and Vittorio Loreto},
	Date-Added = {2017-04-27 10:27:03 +0000},
	Date-Modified = {2017-04-27 10:27:03 +0000},
	Doi = {10.1073/pnas.0908533107},
	Journal = {PNAS},
	Keywords = {category game, color terms},
	Number = {6},
	Pages = {2403--2407},
	Title = {Modeling the Emergence of Universality in Color Naming Patterns},
	Volume = {107},
	Year = {2010},
	Bdsk-File-1 = {YnBsaXN0MDDUAQIDBAUGJCVYJHZlcnNpb25YJG9iamVjdHNZJGFyY2hpdmVyVCR0b3ASAAGGoKgHCBMUFRYaIVUkbnVsbNMJCgsMDxJXTlMua2V5c1pOUy5vYmplY3RzViRjbGFzc6INDoACgAOiEBGABIAFgAdccmVsYXRpdmVQYXRoWWFsaWFzRGF0YV8QcS4uLy4uLy4uL3N5bmMvTGl0ZXJhdHVyZS9CYXJvbmNoZWxsaUdvbmdfMjAxMF9Nb2RlbGluZyB0aGUgRW1lcmdlbmNlIG9mIFVuaXZlcnNhbGl0eSBpbiBDb2xvciBOYW1pbmcgUGF0dGVybnMucGRm0hcLGBlXTlMuZGF0YU8RAqIAAAAAAqIAAgAADE1hY2ludG9zaCBIRAAAAAAAAAAAAAAAAAAAAM6XudNIKwAAAA68MR9CYXJvbmNoZWxsaUdvbmdfMjAxMF8jRUJDNjMucGRmAAAAAAAAAAAAAAAAAAAAAAAAAAAAAAAAAAAAAAAAAAAADrxjyua10gAAAAAAAAAAAAMAAwAACSAAAAAAAAAAAAAAAAAAAAAKTGl0ZXJhdHVyZQAQAAgAAM6Xq8MAAAARAAgAAMrmp8IAAAABABgADrwxAA67uQAN7wQADca1AAxPPQACZI4AAgBbTWFjaW50b3NoIEhEOlVzZXJzOgBtaWNoYToARGVza3RvcDoAZGF0YToAc3luYzoATGl0ZXJhdHVyZToAQmFyb25jaGVsbGlHb25nXzIwMTBfI0VCQzYzLnBkZgAADgCyAFgAQgBhAHIAbwBuAGMAaABlAGwAbABpAEcAbwBuAGcAXwAyADAAMQAwAF8ATQBvAGQAZQBsAGkAbgBnACAAdABoAGUAIABFAG0AZQByAGcAZQBuAGMAZQAgAG8AZgAgAFUAbgBpAHYAZQByAHMAYQBsAGkAdAB5ACAAaQBuACAAQwBvAGwAbwByACAATgBhAG0AaQBuAGcAIABQAGEAdAB0AGUAcgBuAHMALgBwAGQAZgAPABoADABNAGEAYwBpAG4AdABvAHMAaAAgAEgARAASAIFVc2Vycy9taWNoYS9EZXNrdG9wL2RhdGEvc3luYy9MaXRlcmF0dXJlL0Jhcm9uY2hlbGxpR29uZ18yMDEwX01vZGVsaW5nIHRoZSBFbWVyZ2VuY2Ugb2YgVW5pdmVyc2FsaXR5IGluIENvbG9yIE5hbWluZyBQYXR0ZXJucy5wZGYAABMAAS8AABUAAgAM//8AAIAG0hscHR5aJGNsYXNzbmFtZVgkY2xhc3Nlc11OU011dGFibGVEYXRhox0fIFZOU0RhdGFYTlNPYmplY3TSGxwiI1xOU0RpY3Rpb25hcnmiIiBfEA9OU0tleWVkQXJjaGl2ZXLRJidUcm9vdIABAAgAEQAaACMALQAyADcAQABGAE0AVQBgAGcAagBsAG4AcQBzAHUAdwCEAI4BAgEHAQ8DtQO3A7wDxwPQA94D4gPpA/ID9wQEBAcEGQQcBCEAAAAAAAACAQAAAAAAAAAoAAAAAAAAAAAAAAAAAAAEIw==}}

@inproceedings{Franke2012:On-Scales-Salie,
	Address = {Berlin, Heidelberg},
	Author = {Michael Franke},
	Booktitle = {Amsterdam Colloquium 2011},
	Date-Added = {2017-04-27 10:09:21 +0000},
	Date-Modified = {2017-04-27 10:09:21 +0000},
	Editor = {Maria Aloni and Floris Roelofsen and Katrin Schulz},
	Pages = {311--320},
	Publisher = {Springer},
	Series = {Lecture Notes in Computer Science},
	Title = {On Scales, Salience \& Referential Language Use},
	Year = {2012},
	Bdsk-File-1 = {YnBsaXN0MDDUAQIDBAUGJCVYJHZlcnNpb25YJG9iamVjdHNZJGFyY2hpdmVyVCR0b3ASAAGGoKgHCBMUFRYaIVUkbnVsbNMJCgsMDxJXTlMua2V5c1pOUy5vYmplY3RzViRjbGFzc6INDoACgAOiEBGABIAFgAdccmVsYXRpdmVQYXRoWWFsaWFzRGF0YV8QZC4uLy4uLy4uL3N5bmMvTGl0ZXJhdHVyZS9GcmFua2VfMjAxMV9PbiBTY2FsZXMsIFNhbGllbmNlIFwmIFJlZmVyZW50aWFsIExhbmd1YWdlIFVzZSAoQSBSZXZpc2l0KS5wZGbSFwsYGVdOUy5kYXRhTxECegAAAAACegACAAAMTWFjaW50b3NoIEhEAAAAAAAAAAAAAAAAAAAAzpe500grAAAADrwxH0ZyYW5rZV8yMDExX09uIFNjYWxlcyNFQkQxRC5wZGYAAAAAAAAAAAAAAAAAAAAAAAAAAAAAAAAAAAAAAAAAAAAOvR3K+oCFAAAAAAAAAAAAAwADAAAJIAAAAAAAAAAAAAAAAAAAAApMaXRlcmF0dXJlABAACAAAzperwwAAABEACAAAyvpydQAAAAEAGAAOvDEADru5AA3vBAANxrUADE89AAJkjgACAFtNYWNpbnRvc2ggSEQ6VXNlcnM6AG1pY2hhOgBEZXNrdG9wOgBkYXRhOgBzeW5jOgBMaXRlcmF0dXJlOgBGcmFua2VfMjAxMV9PbiBTY2FsZXMjRUJEMUQucGRmAAAOAJgASwBGAHIAYQBuAGsAZQBfADIAMAAxADEAXwBPAG4AIABTAGMAYQBsAGUAcwAsACAAUwBhAGwAaQBlAG4AYwBlACAAXAAmACAAUgBlAGYAZQByAGUAbgB0AGkAYQBsACAATABhAG4AZwB1AGEAZwBlACAAVQBzAGUAIAAoAEEAIABSAGUAdgBpAHMAaQB0ACkALgBwAGQAZgAPABoADABNAGEAYwBpAG4AdABvAHMAaAAgAEgARAASAHRVc2Vycy9taWNoYS9EZXNrdG9wL2RhdGEvc3luYy9MaXRlcmF0dXJlL0ZyYW5rZV8yMDExX09uIFNjYWxlcywgU2FsaWVuY2UgXCYgUmVmZXJlbnRpYWwgTGFuZ3VhZ2UgVXNlIChBIFJldmlzaXQpLnBkZgATAAEvAAAVAAIADP//AACABtIbHB0eWiRjbGFzc25hbWVYJGNsYXNzZXNdTlNNdXRhYmxlRGF0YaMdHyBWTlNEYXRhWE5TT2JqZWN00hscIiNcTlNEaWN0aW9uYXJ5oiIgXxAPTlNLZXllZEFyY2hpdmVy0SYnVHJvb3SAAQAIABEAGgAjAC0AMgA3AEAARgBNAFUAYABnAGoAbABuAHEAcwB1AHcAhACOAPUA+gECA4ADggOHA5IDmwOpA60DtAO9A8IDzwPSA+QD5wPsAAAAAAAAAgEAAAAAAAAAKAAAAAAAAAAAAAAAAAAAA+4=},
	Bdsk-File-2 = {YnBsaXN0MDDUAQIDBAUGJCVYJHZlcnNpb25YJG9iamVjdHNZJGFyY2hpdmVyVCR0b3ASAAGGoKgHCBMUFRYaIVUkbnVsbNMJCgsMDxJXTlMua2V5c1pOUy5vYmplY3RzViRjbGFzc6INDoACgAOiEBGABIAFgAdccmVsYXRpdmVQYXRoWWFsaWFzRGF0YV8QZS4uLy4uLy4uL3N5bmMvTGl0ZXJhdHVyZS9GcmFua2VfMjAxMV9PbiBTY2FsZXMsIFNhbGllbmNlIFwmIFJlZmVyZW50aWFsIExhbmd1YWdlIFVzZSAoQSBSZXZpc2l0KWEucGRm0hcLGBlXTlMuZGF0YU8RAn4AAAAAAn4AAgAADE1hY2ludG9zaCBIRAAAAAAAAAAAAAAAAAAAAM6XudNIKwAAAA68MR9GcmFua2VfMjAxMV9PbiBTY2FsZXMjRUJEMUUucGRmAAAAAAAAAAAAAAAAAAAAAAAAAAAAAAAAAAAAAAAAAAAADr0ey7r/lAAAAAAAAAAAAAMAAwAACSAAAAAAAAAAAAAAAAAAAAAKTGl0ZXJhdHVyZQAQAAgAAM6Xq8MAAAARAAgAAMu643QAAAABABgADrwxAA67uQAN7wQADca1AAxPPQACZI4AAgBbTWFjaW50b3NoIEhEOlVzZXJzOgBtaWNoYToARGVza3RvcDoAZGF0YToAc3luYzoATGl0ZXJhdHVyZToARnJhbmtlXzIwMTFfT24gU2NhbGVzI0VCRDFFLnBkZgAADgCaAEwARgByAGEAbgBrAGUAXwAyADAAMQAxAF8ATwBuACAAUwBjAGEAbABlAHMALAAgAFMAYQBsAGkAZQBuAGMAZQAgAFwAJgAgAFIAZQBmAGUAcgBlAG4AdABpAGEAbAAgAEwAYQBuAGcAdQBhAGcAZQAgAFUAcwBlACAAKABBACAAUgBlAHYAaQBzAGkAdAApAGEALgBwAGQAZgAPABoADABNAGEAYwBpAG4AdABvAHMAaAAgAEgARAASAHVVc2Vycy9taWNoYS9EZXNrdG9wL2RhdGEvc3luYy9MaXRlcmF0dXJlL0ZyYW5rZV8yMDExX09uIFNjYWxlcywgU2FsaWVuY2UgXCYgUmVmZXJlbnRpYWwgTGFuZ3VhZ2UgVXNlIChBIFJldmlzaXQpYS5wZGYAABMAAS8AABUAAgAM//8AAIAG0hscHR5aJGNsYXNzbmFtZVgkY2xhc3Nlc11OU011dGFibGVEYXRhox0fIFZOU0RhdGFYTlNPYmplY3TSGxwiI1xOU0RpY3Rpb25hcnmiIiBfEA9OU0tleWVkQXJjaGl2ZXLRJidUcm9vdIABAAgAEQAaACMALQAyADcAQABGAE0AVQBgAGcAagBsAG4AcQBzAHUAdwCEAI4A9gD7AQMDhQOHA4wDlwOgA64DsgO5A8IDxwPUA9cD6QPsA/EAAAAAAAACAQAAAAAAAAAoAAAAAAAAAAAAAAAAAAAD8w==},
	Bdsk-File-3 = {YnBsaXN0MDDUAQIDBAUGJCVYJHZlcnNpb25YJG9iamVjdHNZJGFyY2hpdmVyVCR0b3ASAAGGoKgHCBMUFRYaIVUkbnVsbNMJCgsMDxJXTlMua2V5c1pOUy5vYmplY3RzViRjbGFzc6INDoACgAOiEBGABIAFgAdccmVsYXRpdmVQYXRoWWFsaWFzRGF0YV8QZC4uLy4uLy4uL3N5bmMvTGl0ZXJhdHVyZS9GcmFua2VfMjAxMl9PbiBTY2FsZXMsIFNhbGllbmNlIFwmIFJlZmVyZW50aWFsIExhbmd1YWdlIFVzZSAoQSBSZXZpc2l0KS5wZGbSFwsYGVdOUy5kYXRhTxECegAAAAACegACAAAMTWFjaW50b3NoIEhEAAAAAAAAAAAAAAAAAAAAzpe500grAAAADrwxH0ZyYW5rZV8yMDEyX09uIFNjYWxlcyNFQkQyNS5wZGYAAAAAAAAAAAAAAAAAAAAAAAAAAAAAAAAAAAAAAAAAAAAOvSXLuv8yAAAAAAAAAAAAAwADAAAJIAAAAAAAAAAAAAAAAAAAAApMaXRlcmF0dXJlABAACAAAzperwwAAABEACAAAy7rjEgAAAAEAGAAOvDEADru5AA3vBAANxrUADE89AAJkjgACAFtNYWNpbnRvc2ggSEQ6VXNlcnM6AG1pY2hhOgBEZXNrdG9wOgBkYXRhOgBzeW5jOgBMaXRlcmF0dXJlOgBGcmFua2VfMjAxMl9PbiBTY2FsZXMjRUJEMjUucGRmAAAOAJgASwBGAHIAYQBuAGsAZQBfADIAMAAxADIAXwBPAG4AIABTAGMAYQBsAGUAcwAsACAAUwBhAGwAaQBlAG4AYwBlACAAXAAmACAAUgBlAGYAZQByAGUAbgB0AGkAYQBsACAATABhAG4AZwB1AGEAZwBlACAAVQBzAGUAIAAoAEEAIABSAGUAdgBpAHMAaQB0ACkALgBwAGQAZgAPABoADABNAGEAYwBpAG4AdABvAHMAaAAgAEgARAASAHRVc2Vycy9taWNoYS9EZXNrdG9wL2RhdGEvc3luYy9MaXRlcmF0dXJlL0ZyYW5rZV8yMDEyX09uIFNjYWxlcywgU2FsaWVuY2UgXCYgUmVmZXJlbnRpYWwgTGFuZ3VhZ2UgVXNlIChBIFJldmlzaXQpLnBkZgATAAEvAAAVAAIADP//AACABtIbHB0eWiRjbGFzc25hbWVYJGNsYXNzZXNdTlNNdXRhYmxlRGF0YaMdHyBWTlNEYXRhWE5TT2JqZWN00hscIiNcTlNEaWN0aW9uYXJ5oiIgXxAPTlNLZXllZEFyY2hpdmVy0SYnVHJvb3SAAQAIABEAGgAjAC0AMgA3AEAARgBNAFUAYABnAGoAbABuAHEAcwB1AHcAhACOAPUA+gECA4ADggOHA5IDmwOpA60DtAO9A8IDzwPSA+QD5wPsAAAAAAAAAgEAAAAAAAAAKAAAAAAAAAAAAAAAAAAAA+4=}}

@incollection{Franke2012:Scales-Salience,
	Address = {Singapore},
	Author = {Michael Franke},
	Booktitle = {The Evolution of Language: {P}roceedings of 9\textsuperscript{th} International Conference (EvoLang 9)},
	Date-Added = {2017-04-27 10:09:21 +0000},
	Date-Modified = {2017-04-27 10:09:21 +0000},
	Editor = {Thomas C. Scott-Phillips and M\'{o}nica Tamariz and Erica A. Cartmill and James R. Hurford},
	Pages = {118--124},
	Publisher = {World Scientific},
	Title = {Scales, Salience and Referential Safety: {T}he Benefit of Communicating the Extreme},
	Year = {2012}}

@inproceedings{QingFranke2014:Gradable-Adject,
	Author = {Ciyang Qing and Michael Franke},
	Booktitle = {Proceedings of {SALT} 44},
	Date-Added = {2017-04-27 10:02:14 +0000},
	Date-Modified = {2017-04-27 10:02:14 +0000},
	Editor = {Jessi Grieser and Todd Snider and Sarah D'Antonio and Mia Wiegand},
	Pages = {23--41},
	Publisher = {elanguage.net},
	Title = {Gradable Adjectives, Vagueness, and Optimal Language Use: {A} Speaker-Oriented Model},
	Year = {2014},
	Bdsk-File-1 = {YnBsaXN0MDDUAQIDBAUGJCVYJHZlcnNpb25YJG9iamVjdHNZJGFyY2hpdmVyVCR0b3ASAAGGoKgHCBMUFRYaIVUkbnVsbNMJCgsMDxJXTlMua2V5c1pOUy5vYmplY3RzViRjbGFzc6INDoACgAOiEBGABIAFgAdccmVsYXRpdmVQYXRoWWFsaWFzRGF0YV8Qfi4uLy4uLy4uL3N5bmMvTGl0ZXJhdHVyZS9RaW5nRnJhbmtlXzIwMTRfR3JhZGFibGUgQWRqZWN0aXZlcywgVmFndWVuZXNzLCBhbmQgT3B0aW1hbCBMYW5ndWFnZSBVc2UgQSBTcGVha2VyLU9yaWVudGVkIE1vZGVsLnBkZtIXCxgZV05TLmRhdGFPEQLIAAAAAALIAAIAAAxNYWNpbnRvc2ggSEQAAAAAAAAAAAAAAAAAAADOl7nTSCsAAAAOvDEfUWluZ0ZyYW5rZV8yMDE0X0dyYWQjM0ZEN0ZELnBkZgAAAAAAAAAAAAAAAAAAAAAAAAAAAAAAAAAAAAAAAAAAAD/X/c+OrD8AAAAAAAAAAAADAAMAAAkgAAAAAAAAAAAAAAAAAAAACkxpdGVyYXR1cmUAEAAIAADOl6vDAAAAEQAIAADPjpAfAAAAAQAYAA68MQAOu7kADe8EAA3GtQAMTz0AAmSOAAIAW01hY2ludG9zaCBIRDpVc2VyczoAbWljaGE6AERlc2t0b3A6AGRhdGE6AHN5bmM6AExpdGVyYXR1cmU6AFFpbmdGcmFua2VfMjAxNF9HcmFkIzNGRDdGRC5wZGYAAA4AzABlAFEAaQBuAGcARgByAGEAbgBrAGUAXwAyADAAMQA0AF8ARwByAGEAZABhAGIAbABlACAAQQBkAGoAZQBjAHQAaQB2AGUAcwAsACAAVgBhAGcAdQBlAG4AZQBzAHMALAAgAGEAbgBkACAATwBwAHQAaQBtAGEAbAAgAEwAYQBuAGcAdQBhAGcAZQAgAFUAcwBlACAAQQAgAFMAcABlAGEAawBlAHIALQBPAHIAaQBlAG4AdABlAGQAIABNAG8AZABlAGwALgBwAGQAZgAPABoADABNAGEAYwBpAG4AdABvAHMAaAAgAEgARAASAI5Vc2Vycy9taWNoYS9EZXNrdG9wL2RhdGEvc3luYy9MaXRlcmF0dXJlL1FpbmdGcmFua2VfMjAxNF9HcmFkYWJsZSBBZGplY3RpdmVzLCBWYWd1ZW5lc3MsIGFuZCBPcHRpbWFsIExhbmd1YWdlIFVzZSBBIFNwZWFrZXItT3JpZW50ZWQgTW9kZWwucGRmABMAAS8AABUAAgAM//8AAIAG0hscHR5aJGNsYXNzbmFtZVgkY2xhc3Nlc11OU011dGFibGVEYXRhox0fIFZOU0RhdGFYTlNPYmplY3TSGxwiI1xOU0RpY3Rpb25hcnmiIiBfEA9OU0tleWVkQXJjaGl2ZXLRJidUcm9vdIABAAgAEQAaACMALQAyADcAQABGAE0AVQBgAGcAagBsAG4AcQBzAHUAdwCEAI4BDwEUARwD6APqA+8D+gQDBBEEFQQcBCUEKgQ3BDoETARPBFQAAAAAAAACAQAAAAAAAAAoAAAAAAAAAAAAAAAAAAAEVg==},
	Bdsk-File-2 = {YnBsaXN0MDDUAQIDBAUGJCVYJHZlcnNpb25YJG9iamVjdHNZJGFyY2hpdmVyVCR0b3ASAAGGoKgHCBMUFRYaIVUkbnVsbNMJCgsMDxJXTlMua2V5c1pOUy5vYmplY3RzViRjbGFzc6INDoACgAOiEBGABIAFgAdccmVsYXRpdmVQYXRoWWFsaWFzRGF0YV8Qfy4uLy4uLy4uL3N5bmMvTGl0ZXJhdHVyZS9RaW5nRnJhbmtlXzIwMTRfR3JhZGFibGUgQWRqZWN0aXZlcywgVmFndWVuZXNzLCBhbmQgT3B0aW1hbCBMYW5ndWFnZSBVc2UgQSBTcGVha2VyLU9yaWVudGVkIE1vZGVsYS5wZGbSFwsYGVdOUy5kYXRhTxECzAAAAAACzAACAAAMTWFjaW50b3NoIEhEAAAAAAAAAAAAAAAAAAAAzpe500grAAAADrwxH1FpbmdGcmFua2VfMjAxNF9HcmFkIzQ4M0U1OC5wZGYAAAAAAAAAAAAAAAAAAAAAAAAAAAAAAAAAAAAAAAAAAABIPljPxcbIAAAAAAAAAAAAAwADAAAJIAAAAAAAAAAAAAAAAAAAAApMaXRlcmF0dXJlABAACAAAzperwwAAABEACAAAz8WqqAAAAAEAGAAOvDEADru5AA3vBAANxrUADE89AAJkjgACAFtNYWNpbnRvc2ggSEQ6VXNlcnM6AG1pY2hhOgBEZXNrdG9wOgBkYXRhOgBzeW5jOgBMaXRlcmF0dXJlOgBRaW5nRnJhbmtlXzIwMTRfR3JhZCM0ODNFNTgucGRmAAAOAM4AZgBRAGkAbgBnAEYAcgBhAG4AawBlAF8AMgAwADEANABfAEcAcgBhAGQAYQBiAGwAZQAgAEEAZABqAGUAYwB0AGkAdgBlAHMALAAgAFYAYQBnAHUAZQBuAGUAcwBzACwAIABhAG4AZAAgAE8AcAB0AGkAbQBhAGwAIABMAGEAbgBnAHUAYQBnAGUAIABVAHMAZQAgAEEAIABTAHAAZQBhAGsAZQByAC0ATwByAGkAZQBuAHQAZQBkACAATQBvAGQAZQBsAGEALgBwAGQAZgAPABoADABNAGEAYwBpAG4AdABvAHMAaAAgAEgARAASAI9Vc2Vycy9taWNoYS9EZXNrdG9wL2RhdGEvc3luYy9MaXRlcmF0dXJlL1FpbmdGcmFua2VfMjAxNF9HcmFkYWJsZSBBZGplY3RpdmVzLCBWYWd1ZW5lc3MsIGFuZCBPcHRpbWFsIExhbmd1YWdlIFVzZSBBIFNwZWFrZXItT3JpZW50ZWQgTW9kZWxhLnBkZgAAEwABLwAAFQACAAz//wAAgAbSGxwdHlokY2xhc3NuYW1lWCRjbGFzc2VzXU5TTXV0YWJsZURhdGGjHR8gVk5TRGF0YVhOU09iamVjdNIbHCIjXE5TRGljdGlvbmFyeaIiIF8QD05TS2V5ZWRBcmNoaXZlctEmJ1Ryb290gAEACAARABoAIwAtADIANwBAAEYATQBVAGAAZwBqAGwAbgBxAHMAdQB3AIQAjgEQARUBHQPtA+8D9AP/BAgEFgQaBCEEKgQvBDwEPwRRBFQEWQAAAAAAAAIBAAAAAAAAACgAAAAAAAAAAAAAAAAAAARb},
	Bdsk-File-3 = {YnBsaXN0MDDUAQIDBAUGJCVYJHZlcnNpb25YJG9iamVjdHNZJGFyY2hpdmVyVCR0b3ASAAGGoKgHCBMUFRYaIVUkbnVsbNMJCgsMDxJXTlMua2V5c1pOUy5vYmplY3RzViRjbGFzc6INDoACgAOiEBGABIAFgAdccmVsYXRpdmVQYXRoWWFsaWFzRGF0YV8Qfy4uLy4uLy4uL3N5bmMvTGl0ZXJhdHVyZS9RaW5nRnJhbmtlXzIwMTRfR3JhZGFibGUgQWRqZWN0aXZlcywgVmFndWVuZXNzLCBhbmQgT3B0aW1hbCBMYW5ndWFnZSBVc2UgQSBTcGVha2VyLU9yaWVudGVkIE1vZGVsYi5wZGbSFwsYGVdOUy5kYXRhTxECzAAAAAACzAACAAAMTWFjaW50b3NoIEhEAAAAAAAAAAAAAAAAAAAAzpe500grAAAADrwxH1FpbmdGcmFua2VfMjAxNF9HcmFkIzVFNUEyQy5wZGYAAAAAAAAAAAAAAAAAAAAAAAAAAAAAAAAAAAAAAAAAAABeWizQElKfAAAAAAAAAAAAAwADAAAJIAAAAAAAAAAAAAAAAAAAAApMaXRlcmF0dXJlABAACAAAzperwwAAABEACAAA0BI2fwAAAAEAGAAOvDEADru5AA3vBAANxrUADE89AAJkjgACAFtNYWNpbnRvc2ggSEQ6VXNlcnM6AG1pY2hhOgBEZXNrdG9wOgBkYXRhOgBzeW5jOgBMaXRlcmF0dXJlOgBRaW5nRnJhbmtlXzIwMTRfR3JhZCM1RTVBMkMucGRmAAAOAM4AZgBRAGkAbgBnAEYAcgBhAG4AawBlAF8AMgAwADEANABfAEcAcgBhAGQAYQBiAGwAZQAgAEEAZABqAGUAYwB0AGkAdgBlAHMALAAgAFYAYQBnAHUAZQBuAGUAcwBzACwAIABhAG4AZAAgAE8AcAB0AGkAbQBhAGwAIABMAGEAbgBnAHUAYQBnAGUAIABVAHMAZQAgAEEAIABTAHAAZQBhAGsAZQByAC0ATwByAGkAZQBuAHQAZQBkACAATQBvAGQAZQBsAGIALgBwAGQAZgAPABoADABNAGEAYwBpAG4AdABvAHMAaAAgAEgARAASAI9Vc2Vycy9taWNoYS9EZXNrdG9wL2RhdGEvc3luYy9MaXRlcmF0dXJlL1FpbmdGcmFua2VfMjAxNF9HcmFkYWJsZSBBZGplY3RpdmVzLCBWYWd1ZW5lc3MsIGFuZCBPcHRpbWFsIExhbmd1YWdlIFVzZSBBIFNwZWFrZXItT3JpZW50ZWQgTW9kZWxiLnBkZgAAEwABLwAAFQACAAz//wAAgAbSGxwdHlokY2xhc3NuYW1lWCRjbGFzc2VzXU5TTXV0YWJsZURhdGGjHR8gVk5TRGF0YVhOU09iamVjdNIbHCIjXE5TRGljdGlvbmFyeaIiIF8QD05TS2V5ZWRBcmNoaXZlctEmJ1Ryb290gAEACAARABoAIwAtADIANwBAAEYATQBVAGAAZwBqAGwAbgBxAHMAdQB3AIQAjgEQARUBHQPtA+8D9AP/BAgEFgQaBCEEKgQvBDwEPwRRBFQEWQAAAAAAAAIBAAAAAAAAACgAAAAAAAAAAAAAAAAAAARb}}

@article{LassiterGoodman2015:Adjectival-vagu,
	Author = {Daniel Lassiter and Noah D. Goodman},
	Date-Added = {2017-04-27 10:01:24 +0000},
	Date-Modified = {2017-04-27 10:01:24 +0000},
	Doi = {10.1007/s11229-015-0786-1},
	Journal = {Synthese},
	Title = {Adjectival vagueness in a Bayesian model of interpretation},
	Year = {online first},
	Bdsk-File-1 = {YnBsaXN0MDDUAQIDBAUGJCVYJHZlcnNpb25YJG9iamVjdHNZJGFyY2hpdmVyVCR0b3ASAAGGoKgHCBMUFRYaIVUkbnVsbNMJCgsMDxJXTlMua2V5c1pOUy5vYmplY3RzViRjbGFzc6INDoACgAOiEBGABIAFgAdccmVsYXRpdmVQYXRoWWFsaWFzRGF0YV8QbC4uLy4uLy4uL3N5bmMvTGl0ZXJhdHVyZS9MYXNzaXRlckdvb2RtYW5fMjAxNV9BZGplY3RpdmFsIHZhZ3VlbmVzcyBpbiBhIEJheWVzaWFuIG1vZGVsIG9mIGludGVycHJldGF0aW9uLnBkZtIXCxgZV05TLmRhdGFPEQKSAAAAAAKSAAIAAAxNYWNpbnRvc2ggSEQAAAAAAAAAAAAAAAAAAADOl7nTSCsAAAAOvDEfTGFzc2l0ZXJHb29kbWFuXzIwMTUjQjQzRENCLnBkZgAAAAAAAAAAAAAAAAAAAAAAAAAAAAAAAAAAAAAAAAAAALQ9y9HBuZAAAAAAAAAAAAADAAMAAAkgAAAAAAAAAAAAAAAAAAAACkxpdGVyYXR1cmUAEAAIAADOl6vDAAAAEQAIAADRwZ1wAAAAAQAYAA68MQAOu7kADe8EAA3GtQAMTz0AAmSOAAIAW01hY2ludG9zaCBIRDpVc2VyczoAbWljaGE6AERlc2t0b3A6AGRhdGE6AHN5bmM6AExpdGVyYXR1cmU6AExhc3NpdGVyR29vZG1hbl8yMDE1I0I0M0RDQi5wZGYAAA4AqABTAEwAYQBzAHMAaQB0AGUAcgBHAG8AbwBkAG0AYQBuAF8AMgAwADEANQBfAEEAZABqAGUAYwB0AGkAdgBhAGwAIAB2AGEAZwB1AGUAbgBlAHMAcwAgAGkAbgAgAGEAIABCAGEAeQBlAHMAaQBhAG4AIABtAG8AZABlAGwAIABvAGYAIABpAG4AdABlAHIAcAByAGUAdABhAHQAaQBvAG4ALgBwAGQAZgAPABoADABNAGEAYwBpAG4AdABvAHMAaAAgAEgARAASAHxVc2Vycy9taWNoYS9EZXNrdG9wL2RhdGEvc3luYy9MaXRlcmF0dXJlL0xhc3NpdGVyR29vZG1hbl8yMDE1X0FkamVjdGl2YWwgdmFndWVuZXNzIGluIGEgQmF5ZXNpYW4gbW9kZWwgb2YgaW50ZXJwcmV0YXRpb24ucGRmABMAAS8AABUAAgAM//8AAIAG0hscHR5aJGNsYXNzbmFtZVgkY2xhc3Nlc11OU011dGFibGVEYXRhox0fIFZOU0RhdGFYTlNPYmplY3TSGxwiI1xOU0RpY3Rpb25hcnmiIiBfEA9OU0tleWVkQXJjaGl2ZXLRJidUcm9vdIABAAgAEQAaACMALQAyADcAQABGAE0AVQBgAGcAagBsAG4AcQBzAHUAdwCEAI4A/QECAQoDoAOiA6cDsgO7A8kDzQPUA90D4gPvA/IEBAQHBAwAAAAAAAACAQAAAAAAAAAoAAAAAAAAAAAAAAAAAAAEDg==},
	Bdsk-File-2 = {YnBsaXN0MDDUAQIDBAUGJCVYJHZlcnNpb25YJG9iamVjdHNZJGFyY2hpdmVyVCR0b3ASAAGGoKgHCBMUFRYaIVUkbnVsbNMJCgsMDxJXTlMua2V5c1pOUy5vYmplY3RzViRjbGFzc6INDoACgAOiEBGABIAFgAdccmVsYXRpdmVQYXRoWWFsaWFzRGF0YV8QbC4uLy4uLy4uL3N5bmMvTGl0ZXJhdHVyZS9MYXNzaXRlckdvb2RtYW5fMjAxNl9BZGplY3RpdmFsIHZhZ3VlbmVzcyBpbiBhIEJheWVzaWFuIG1vZGVsIG9mIGludGVycHJldGF0aW9uLnBkZtIXCxgZV05TLmRhdGFPEQKSAAAAAAKSAAIAAAxNYWNpbnRvc2ggSEQAAAAAAAAAAAAAAAAAAADOl7nTSCsAAAAOvDEfTGFzc2l0ZXJHb29kbWFuXzIwMSMxNDdCRjlDLnBkZgAAAAAAAAAAAAAAAAAAAAAAAAAAAAAAAAAAAAAAAAAAAUe/nNRHKxkAAAAAAAAAAAADAAMAAAkgAAAAAAAAAAAAAAAAAAAACkxpdGVyYXR1cmUAEAAIAADOl6vDAAAAEQAIAADURx0JAAAAAQAYAA68MQAOu7kADe8EAA3GtQAMTz0AAmSOAAIAW01hY2ludG9zaCBIRDpVc2VyczoAbWljaGE6AERlc2t0b3A6AGRhdGE6AHN5bmM6AExpdGVyYXR1cmU6AExhc3NpdGVyR29vZG1hbl8yMDEjMTQ3QkY5Qy5wZGYAAA4AqABTAEwAYQBzAHMAaQB0AGUAcgBHAG8AbwBkAG0AYQBuAF8AMgAwADEANgBfAEEAZABqAGUAYwB0AGkAdgBhAGwAIAB2AGEAZwB1AGUAbgBlAHMAcwAgAGkAbgAgAGEAIABCAGEAeQBlAHMAaQBhAG4AIABtAG8AZABlAGwAIABvAGYAIABpAG4AdABlAHIAcAByAGUAdABhAHQAaQBvAG4ALgBwAGQAZgAPABoADABNAGEAYwBpAG4AdABvAHMAaAAgAEgARAASAHxVc2Vycy9taWNoYS9EZXNrdG9wL2RhdGEvc3luYy9MaXRlcmF0dXJlL0xhc3NpdGVyR29vZG1hbl8yMDE2X0FkamVjdGl2YWwgdmFndWVuZXNzIGluIGEgQmF5ZXNpYW4gbW9kZWwgb2YgaW50ZXJwcmV0YXRpb24ucGRmABMAAS8AABUAAgAM//8AAIAG0hscHR5aJGNsYXNzbmFtZVgkY2xhc3Nlc11OU011dGFibGVEYXRhox0fIFZOU0RhdGFYTlNPYmplY3TSGxwiI1xOU0RpY3Rpb25hcnmiIiBfEA9OU0tleWVkQXJjaGl2ZXLRJidUcm9vdIABAAgAEQAaACMALQAyADcAQABGAE0AVQBgAGcAagBsAG4AcQBzAHUAdwCEAI4A/QECAQoDoAOiA6cDsgO7A8kDzQPUA90D4gPvA/IEBAQHBAwAAAAAAAACAQAAAAAAAAAoAAAAAAAAAAAAAAAAAAAEDg==}}

@article{SanbornChater2016:Bayesian-Brains,
	Author = {Adam N. Sanborn and Nick Chater},
	Date-Added = {2017-04-27 09:57:31 +0000},
	Date-Modified = {2017-04-27 09:57:31 +0000},
	Doi = {10.1016/j.tics.2016.10.003},
	Journal = {Trends in Cognitive Sciences},
	Number = {12},
	Pages = {883--893},
	Title = {Bayesian Brains without Probabilities},
	Volume = {20},
	Year = {2016},
	Bdsk-File-1 = {YnBsaXN0MDDUAQIDBAUGJCVYJHZlcnNpb25YJG9iamVjdHNZJGFyY2hpdmVyVCR0b3ASAAGGoKgHCBMUFRYaIVUkbnVsbNMJCgsMDxJXTlMua2V5c1pOUy5vYmplY3RzViRjbGFzc6INDoACgAOiEBGABIAFgAdccmVsYXRpdmVQYXRoWWFsaWFzRGF0YV8QVi4uLy4uLy4uL3N5bmMvTGl0ZXJhdHVyZS9TYW5ib3JuQ2hhdGVyXzIwMTZfQmF5ZXNpYW4gQnJhaW5zIHdpdGhvdXQgUHJvYmFiaWxpdGllc2EucGRm0hcLGBlXTlMuZGF0YU8RAlAAAAAAAlAAAgAADE1hY2ludG9zaCBIRAAAAAAAAAAAAAAAAAAAAM6XudNIKwAAAA68MR9TYW5ib3JuQ2hhdGVyXzIwMTZfIzE4QjFBQTMucGRmAAAAAAAAAAAAAAAAAAAAAAAAAAAAAAAAAAAAAAAAAAABixqj1StMFAAAAAAAAAAAAAMAAwAACSAAAAAAAAAAAAAAAAAAAAAKTGl0ZXJhdHVyZQAQAAgAAM6Xq8MAAAARAAgAANUrL/QAAAABABgADrwxAA67uQAN7wQADca1AAxPPQACZI4AAgBbTWFjaW50b3NoIEhEOlVzZXJzOgBtaWNoYToARGVza3RvcDoAZGF0YToAc3luYzoATGl0ZXJhdHVyZToAU2FuYm9ybkNoYXRlcl8yMDE2XyMxOEIxQUEzLnBkZgAADgB8AD0AUwBhAG4AYgBvAHIAbgBDAGgAYQB0AGUAcgBfADIAMAAxADYAXwBCAGEAeQBlAHMAaQBhAG4AIABCAHIAYQBpAG4AcwAgAHcAaQB0AGgAbwB1AHQAIABQAHIAbwBiAGEAYgBpAGwAaQB0AGkAZQBzAGEALgBwAGQAZgAPABoADABNAGEAYwBpAG4AdABvAHMAaAAgAEgARAASAGZVc2Vycy9taWNoYS9EZXNrdG9wL2RhdGEvc3luYy9MaXRlcmF0dXJlL1NhbmJvcm5DaGF0ZXJfMjAxNl9CYXllc2lhbiBCcmFpbnMgd2l0aG91dCBQcm9iYWJpbGl0aWVzYS5wZGYAEwABLwAAFQACAAz//wAAgAbSGxwdHlokY2xhc3NuYW1lWCRjbGFzc2VzXU5TTXV0YWJsZURhdGGjHR8gVk5TRGF0YVhOU09iamVjdNIbHCIjXE5TRGljdGlvbmFyeaIiIF8QD05TS2V5ZWRBcmNoaXZlctEmJ1Ryb290gAEACAARABoAIwAtADIANwBAAEYATQBVAGAAZwBqAGwAbgBxAHMAdQB3AIQAjgDnAOwA9ANIA0oDTwNaA2MDcQN1A3wDhQOKA5cDmgOsA68DtAAAAAAAAAIBAAAAAAAAACgAAAAAAAAAAAAAAAAAAAO2}}

@article{VulGoodman2014:One-and-Done-Op,
	Author = {Edward Vul and Noah Goodman and Thomas L. Griffiths and Joshua B. Tenenbaum},
	Date-Added = {2017-04-27 09:54:02 +0000},
	Date-Modified = {2017-04-27 09:54:02 +0000},
	Doi = {10.1111/cogs.12101},
	Journal = {Cognitive Science},
	Number = {4},
	Pages = {599--637},
	Title = {One and Done? {O}ptimal Decisions From Very Few Samples},
	Volume = {38},
	Year = {2014},
	Bdsk-File-1 = {YnBsaXN0MDDUAQIDBAUGJCVYJHZlcnNpb25YJG9iamVjdHNZJGFyY2hpdmVyVCR0b3ASAAGGoKgHCBMUFRYaIVUkbnVsbNMJCgsMDxJXTlMua2V5c1pOUy5vYmplY3RzViRjbGFzc6INDoACgAOiEBGABIAFgAdccmVsYXRpdmVQYXRoWWFsaWFzRGF0YV8QYi4uLy4uLy4uL3N5bmMvTGl0ZXJhdHVyZS9WdWxHb29kbWFuXzIwMTRfT25lIGFuZCBEb25lPyBPcHRpbWFsIERlY2lzaW9ucyBGcm9tIFZlcnkgRmV3IFNhbXBsZXMucGRm0hcLGBlXTlMuZGF0YU8RAnQAAAAAAnQAAgAADE1hY2ludG9zaCBIRAAAAAAAAAAAAAAAAAAAAM6XudNIKwAAAA68MR9WdWxHb29kbWFuXzIwMTRfT25lIzE3RDdDMDQucGRmAAAAAAAAAAAAAAAAAAAAAAAAAAAAAAAAAAAAAAAAAAABfXwE1O2PvwAAAAAAAAAAAAMAAwAACSAAAAAAAAAAAAAAAAAAAAAKTGl0ZXJhdHVyZQAQAAgAAM6Xq8MAAAARAAgAANTtga8AAAABABgADrwxAA67uQAN7wQADca1AAxPPQACZI4AAgBbTWFjaW50b3NoIEhEOlVzZXJzOgBtaWNoYToARGVza3RvcDoAZGF0YToAc3luYzoATGl0ZXJhdHVyZToAVnVsR29vZG1hbl8yMDE0X09uZSMxN0Q3QzA0LnBkZgAADgCUAEkAVgB1AGwARwBvAG8AZABtAGEAbgBfADIAMAAxADQAXwBPAG4AZQAgAGEAbgBkACAARABvAG4AZQA/ACAATwBwAHQAaQBtAGEAbAAgAEQAZQBjAGkAcwBpAG8AbgBzACAARgByAG8AbQAgAFYAZQByAHkAIABGAGUAdwAgAFMAYQBtAHAAbABlAHMALgBwAGQAZgAPABoADABNAGEAYwBpAG4AdABvAHMAaAAgAEgARAASAHJVc2Vycy9taWNoYS9EZXNrdG9wL2RhdGEvc3luYy9MaXRlcmF0dXJlL1Z1bEdvb2RtYW5fMjAxNF9PbmUgYW5kIERvbmU/IE9wdGltYWwgRGVjaXNpb25zIEZyb20gVmVyeSBGZXcgU2FtcGxlcy5wZGYAEwABLwAAFQACAAz//wAAgAbSGxwdHlokY2xhc3NuYW1lWCRjbGFzc2VzXU5TTXV0YWJsZURhdGGjHR8gVk5TRGF0YVhOU09iamVjdNIbHCIjXE5TRGljdGlvbmFyeaIiIF8QD05TS2V5ZWRBcmNoaXZlctEmJ1Ryb290gAEACAARABoAIwAtADIANwBAAEYATQBVAGAAZwBqAGwAbgBxAHMAdQB3AIQAjgDzAPgBAAN4A3oDfwOKA5MDoQOlA6wDtQO6A8cDygPcA98D5AAAAAAAAAIBAAAAAAAAACgAAAAAAAAAAAAAAAAAAAPm}}

@book{Train2009:Discrete-Choice,
	Address = {Cambridge, MA},
	Author = {Kenneth E. Train},
	Date-Added = {2017-04-27 09:48:48 +0000},
	Date-Modified = {2017-04-27 09:48:48 +0000},
	Publisher = {Cambridge University Press},
	Title = {Discrete Choice Methods with Simulation},
	Year = {2009},
	Bdsk-File-1 = {YnBsaXN0MDDUAQIDBAUGJCVYJHZlcnNpb25YJG9iamVjdHNZJGFyY2hpdmVyVCR0b3ASAAGGoKgHCBMUFRYaIVUkbnVsbNMJCgsMDxJXTlMua2V5c1pOUy5vYmplY3RzViRjbGFzc6INDoACgAOiEBGABIAFgAdccmVsYXRpdmVQYXRoWWFsaWFzRGF0YV8QTy4uLy4uLy4uL3N5bmMvTGl0ZXJhdHVyZS9UcmFpbl8yMDA5X0Rpc2NyZXRlIENob2ljZSBNZXRob2RzIHdpdGggU2ltdWxhdGlvbi5wZGbSFwsYGVdOUy5kYXRhTxECPAAAAAACPAACAAAMTWFjaW50b3NoIEhEAAAAAAAAAAAAAAAAAAAAzpe500grAAAADrwxH1RyYWluXzIwMDlfRGlzY3JldGUgQyNFQzA1Ny5wZGYAAAAAAAAAAAAAAAAAAAAAAAAAAAAAAAAAAAAAAAAAAAAOwFfGjjBaAAAAAAAAAAAAAwADAAAJIAAAAAAAAAAAAAAAAAAAAApMaXRlcmF0dXJlABAACAAAzperwwAAABEACAAAxo4UOgAAAAEAGAAOvDEADru5AA3vBAANxrUADE89AAJkjgACAFtNYWNpbnRvc2ggSEQ6VXNlcnM6AG1pY2hhOgBEZXNrdG9wOgBkYXRhOgBzeW5jOgBMaXRlcmF0dXJlOgBUcmFpbl8yMDA5X0Rpc2NyZXRlIEMjRUMwNTcucGRmAAAOAG4ANgBUAHIAYQBpAG4AXwAyADAAMAA5AF8ARABpAHMAYwByAGUAdABlACAAQwBoAG8AaQBjAGUAIABNAGUAdABoAG8AZABzACAAdwBpAHQAaAAgAFMAaQBtAHUAbABhAHQAaQBvAG4ALgBwAGQAZgAPABoADABNAGEAYwBpAG4AdABvAHMAaAAgAEgARAASAF9Vc2Vycy9taWNoYS9EZXNrdG9wL2RhdGEvc3luYy9MaXRlcmF0dXJlL1RyYWluXzIwMDlfRGlzY3JldGUgQ2hvaWNlIE1ldGhvZHMgd2l0aCBTaW11bGF0aW9uLnBkZgAAEwABLwAAFQACAAz//wAAgAbSGxwdHlokY2xhc3NuYW1lWCRjbGFzc2VzXU5TTXV0YWJsZURhdGGjHR8gVk5TRGF0YVhOU09iamVjdNIbHCIjXE5TRGljdGlvbmFyeaIiIF8QD05TS2V5ZWRBcmNoaXZlctEmJ1Ryb290gAEACAARABoAIwAtADIANwBAAEYATQBVAGAAZwBqAGwAbgBxAHMAdQB3AIQAjgDgAOUA7QMtAy8DNAM/A0gDVgNaA2EDagNvA3wDfwORA5QDmQAAAAAAAAIBAAAAAAAAACgAAAAAAAAAAAAAAAAAAAOb},
	Bdsk-File-2 = {YnBsaXN0MDDUAQIDBAUGJCVYJHZlcnNpb25YJG9iamVjdHNZJGFyY2hpdmVyVCR0b3ASAAGGoKgHCBMUFRYaIVUkbnVsbNMJCgsMDxJXTlMua2V5c1pOUy5vYmplY3RzViRjbGFzc6INDoACgAOiEBGABIAFgAdccmVsYXRpdmVQYXRoWWFsaWFzRGF0YV8QUC4uLy4uLy4uL3N5bmMvTGl0ZXJhdHVyZS9UcmFpbl8yMDA5X0Rpc2NyZXRlIENob2ljZSBNZXRob2RzIHdpdGggU2ltdWxhdGlvbmEucGRm0hcLGBlXTlMuZGF0YU8RAj4AAAAAAj4AAgAADE1hY2ludG9zaCBIRAAAAAAAAAAAAAAAAAAAAM6XudNIKwAAAA68MR9UcmFpbl8yMDA5X0Rpc2NyZXRlIEMjRUMwNTgucGRmAAAAAAAAAAAAAAAAAAAAAAAAAAAAAAAAAAAAAAAAAAAADsBYxo6GqAAAAAAAAAAAAAMAAwAACSAAAAAAAAAAAAAAAAAAAAAKTGl0ZXJhdHVyZQAQAAgAAM6Xq8MAAAARAAgAAMaOaogAAAABABgADrwxAA67uQAN7wQADca1AAxPPQACZI4AAgBbTWFjaW50b3NoIEhEOlVzZXJzOgBtaWNoYToARGVza3RvcDoAZGF0YToAc3luYzoATGl0ZXJhdHVyZToAVHJhaW5fMjAwOV9EaXNjcmV0ZSBDI0VDMDU4LnBkZgAADgBwADcAVAByAGEAaQBuAF8AMgAwADAAOQBfAEQAaQBzAGMAcgBlAHQAZQAgAEMAaABvAGkAYwBlACAATQBlAHQAaABvAGQAcwAgAHcAaQB0AGgAIABTAGkAbQB1AGwAYQB0AGkAbwBuAGEALgBwAGQAZgAPABoADABNAGEAYwBpAG4AdABvAHMAaAAgAEgARAASAGBVc2Vycy9taWNoYS9EZXNrdG9wL2RhdGEvc3luYy9MaXRlcmF0dXJlL1RyYWluXzIwMDlfRGlzY3JldGUgQ2hvaWNlIE1ldGhvZHMgd2l0aCBTaW11bGF0aW9uYS5wZGYAEwABLwAAFQACAAz//wAAgAbSGxwdHlokY2xhc3NuYW1lWCRjbGFzc2VzXU5TTXV0YWJsZURhdGGjHR8gVk5TRGF0YVhOU09iamVjdNIbHCIjXE5TRGljdGlvbmFyeaIiIF8QD05TS2V5ZWRBcmNoaXZlctEmJ1Ryb290gAEACAARABoAIwAtADIANwBAAEYATQBVAGAAZwBqAGwAbgBxAHMAdQB3AIQAjgDhAOYA7gMwAzIDNwNCA0sDWQNdA2QDbQNyA38DggOUA5cDnAAAAAAAAAIBAAAAAAAAACgAAAAAAAAAAAAAAAAAAAOe},
	Bdsk-File-3 = {YnBsaXN0MDDUAQIDBAUGJCVYJHZlcnNpb25YJG9iamVjdHNZJGFyY2hpdmVyVCR0b3ASAAGGoKgHCBMUFRYaIVUkbnVsbNMJCgsMDxJXTlMua2V5c1pOUy5vYmplY3RzViRjbGFzc6INDoACgAOiEBGABIAFgAdccmVsYXRpdmVQYXRoWWFsaWFzRGF0YV8QUC4uLy4uLy4uL3N5bmMvTGl0ZXJhdHVyZS9UcmFpbl8yMDA5X0Rpc2NyZXRlIENob2ljZSBNZXRob2RzIHdpdGggU2ltdWxhdGlvbmIucGRm0hcLGBlXTlMuZGF0YU8RAj4AAAAAAj4AAgAADE1hY2ludG9zaCBIRAAAAAAAAAAAAAAAAAAAAM6XudNIKwAAAA68MR9UcmFpbl8yMDA5X0Rpc2NyZXRlIEMjRUMwNTkucGRmAAAAAAAAAAAAAAAAAAAAAAAAAAAAAAAAAAAAAAAAAAAADsBZxo6GqAAAAAAAAAAAAAMAAwAACSAAAAAAAAAAAAAAAAAAAAAKTGl0ZXJhdHVyZQAQAAgAAM6Xq8MAAAARAAgAAMaOaogAAAABABgADrwxAA67uQAN7wQADca1AAxPPQACZI4AAgBbTWFjaW50b3NoIEhEOlVzZXJzOgBtaWNoYToARGVza3RvcDoAZGF0YToAc3luYzoATGl0ZXJhdHVyZToAVHJhaW5fMjAwOV9EaXNjcmV0ZSBDI0VDMDU5LnBkZgAADgBwADcAVAByAGEAaQBuAF8AMgAwADAAOQBfAEQAaQBzAGMAcgBlAHQAZQAgAEMAaABvAGkAYwBlACAATQBlAHQAaABvAGQAcwAgAHcAaQB0AGgAIABTAGkAbQB1AGwAYQB0AGkAbwBuAGIALgBwAGQAZgAPABoADABNAGEAYwBpAG4AdABvAHMAaAAgAEgARAASAGBVc2Vycy9taWNoYS9EZXNrdG9wL2RhdGEvc3luYy9MaXRlcmF0dXJlL1RyYWluXzIwMDlfRGlzY3JldGUgQ2hvaWNlIE1ldGhvZHMgd2l0aCBTaW11bGF0aW9uYi5wZGYAEwABLwAAFQACAAz//wAAgAbSGxwdHlokY2xhc3NuYW1lWCRjbGFzc2VzXU5TTXV0YWJsZURhdGGjHR8gVk5TRGF0YVhOU09iamVjdNIbHCIjXE5TRGljdGlvbmFyeaIiIF8QD05TS2V5ZWRBcmNoaXZlctEmJ1Ryb290gAEACAARABoAIwAtADIANwBAAEYATQBVAGAAZwBqAGwAbgBxAHMAdQB3AIQAjgDhAOYA7gMwAzIDNwNCA0sDWQNdA2QDbQNyA38DggOUA5cDnAAAAAAAAAIBAAAAAAAAACgAAAAAAAAAAAAAAAAAAAOe},
	Bdsk-File-4 = {YnBsaXN0MDDUAQIDBAUGJCVYJHZlcnNpb25YJG9iamVjdHNZJGFyY2hpdmVyVCR0b3ASAAGGoKgHCBMUFRYaIVUkbnVsbNMJCgsMDxJXTlMua2V5c1pOUy5vYmplY3RzViRjbGFzc6INDoACgAOiEBGABIAFgAdccmVsYXRpdmVQYXRoWWFsaWFzRGF0YV8QUC4uLy4uLy4uL3N5bmMvTGl0ZXJhdHVyZS9UcmFpbl8yMDA5X0Rpc2NyZXRlIENob2ljZSBNZXRob2RzIHdpdGggU2ltdWxhdGlvbmMucGRm0hcLGBlXTlMuZGF0YU8RAj4AAAAAAj4AAgAADE1hY2ludG9zaCBIRAAAAAAAAAAAAAAAAAAAAM6XudNIKwAAAA68MR9UcmFpbl8yMDA5X0Rpc2NyZXRlIEMjRUMwNUEucGRmAAAAAAAAAAAAAAAAAAAAAAAAAAAAAAAAAAAAAAAAAAAADsBaxo6GqAAAAAAAAAAAAAMAAwAACSAAAAAAAAAAAAAAAAAAAAAKTGl0ZXJhdHVyZQAQAAgAAM6Xq8MAAAARAAgAAMaOaogAAAABABgADrwxAA67uQAN7wQADca1AAxPPQACZI4AAgBbTWFjaW50b3NoIEhEOlVzZXJzOgBtaWNoYToARGVza3RvcDoAZGF0YToAc3luYzoATGl0ZXJhdHVyZToAVHJhaW5fMjAwOV9EaXNjcmV0ZSBDI0VDMDVBLnBkZgAADgBwADcAVAByAGEAaQBuAF8AMgAwADAAOQBfAEQAaQBzAGMAcgBlAHQAZQAgAEMAaABvAGkAYwBlACAATQBlAHQAaABvAGQAcwAgAHcAaQB0AGgAIABTAGkAbQB1AGwAYQB0AGkAbwBuAGMALgBwAGQAZgAPABoADABNAGEAYwBpAG4AdABvAHMAaAAgAEgARAASAGBVc2Vycy9taWNoYS9EZXNrdG9wL2RhdGEvc3luYy9MaXRlcmF0dXJlL1RyYWluXzIwMDlfRGlzY3JldGUgQ2hvaWNlIE1ldGhvZHMgd2l0aCBTaW11bGF0aW9uYy5wZGYAEwABLwAAFQACAAz//wAAgAbSGxwdHlokY2xhc3NuYW1lWCRjbGFzc2VzXU5TTXV0YWJsZURhdGGjHR8gVk5TRGF0YVhOU09iamVjdNIbHCIjXE5TRGljdGlvbmFyeaIiIF8QD05TS2V5ZWRBcmNoaXZlctEmJ1Ryb290gAEACAARABoAIwAtADIANwBAAEYATQBVAGAAZwBqAGwAbgBxAHMAdQB3AIQAjgDhAOYA7gMwAzIDNwNCA0sDWQNdA2QDbQNyA38DggOUA5cDnAAAAAAAAAIBAAAAAAAAACgAAAAAAAAAAAAAAAAAAAOe},
	Bdsk-File-5 = {YnBsaXN0MDDUAQIDBAUGJCVYJHZlcnNpb25YJG9iamVjdHNZJGFyY2hpdmVyVCR0b3ASAAGGoKgHCBMUFRYaIVUkbnVsbNMJCgsMDxJXTlMua2V5c1pOUy5vYmplY3RzViRjbGFzc6INDoACgAOiEBGABIAFgAdccmVsYXRpdmVQYXRoWWFsaWFzRGF0YV8QUC4uLy4uLy4uL3N5bmMvTGl0ZXJhdHVyZS9UcmFpbl8yMDA5X0Rpc2NyZXRlIENob2ljZSBNZXRob2RzIHdpdGggU2ltdWxhdGlvbmQucGRm0hcLGBlXTlMuZGF0YU8RAj4AAAAAAj4AAgAADE1hY2ludG9zaCBIRAAAAAAAAAAAAAAAAAAAAM6XudNIKwAAAA68MR9UcmFpbl8yMDA5X0Rpc2NyZXRlIEMjRUMwNUIucGRmAAAAAAAAAAAAAAAAAAAAAAAAAAAAAAAAAAAAAAAAAAAADsBbxo6GqAAAAAAAAAAAAAMAAwAACSAAAAAAAAAAAAAAAAAAAAAKTGl0ZXJhdHVyZQAQAAgAAM6Xq8MAAAARAAgAAMaOaogAAAABABgADrwxAA67uQAN7wQADca1AAxPPQACZI4AAgBbTWFjaW50b3NoIEhEOlVzZXJzOgBtaWNoYToARGVza3RvcDoAZGF0YToAc3luYzoATGl0ZXJhdHVyZToAVHJhaW5fMjAwOV9EaXNjcmV0ZSBDI0VDMDVCLnBkZgAADgBwADcAVAByAGEAaQBuAF8AMgAwADAAOQBfAEQAaQBzAGMAcgBlAHQAZQAgAEMAaABvAGkAYwBlACAATQBlAHQAaABvAGQAcwAgAHcAaQB0AGgAIABTAGkAbQB1AGwAYQB0AGkAbwBuAGQALgBwAGQAZgAPABoADABNAGEAYwBpAG4AdABvAHMAaAAgAEgARAASAGBVc2Vycy9taWNoYS9EZXNrdG9wL2RhdGEvc3luYy9MaXRlcmF0dXJlL1RyYWluXzIwMDlfRGlzY3JldGUgQ2hvaWNlIE1ldGhvZHMgd2l0aCBTaW11bGF0aW9uZC5wZGYAEwABLwAAFQACAAz//wAAgAbSGxwdHlokY2xhc3NuYW1lWCRjbGFzc2VzXU5TTXV0YWJsZURhdGGjHR8gVk5TRGF0YVhOU09iamVjdNIbHCIjXE5TRGljdGlvbmFyeaIiIF8QD05TS2V5ZWRBcmNoaXZlctEmJ1Ryb290gAEACAARABoAIwAtADIANwBAAEYATQBVAGAAZwBqAGwAbgBxAHMAdQB3AIQAjgDhAOYA7gMwAzIDNwNCA0sDWQNdA2QDbQNyA38DggOUA5cDnAAAAAAAAAIBAAAAAAAAACgAAAAAAAAAAAAAAAAAAAOe},
	Bdsk-File-6 = {YnBsaXN0MDDUAQIDBAUGJCVYJHZlcnNpb25YJG9iamVjdHNZJGFyY2hpdmVyVCR0b3ASAAGGoKgHCBMUFRYaIVUkbnVsbNMJCgsMDxJXTlMua2V5c1pOUy5vYmplY3RzViRjbGFzc6INDoACgAOiEBGABIAFgAdccmVsYXRpdmVQYXRoWWFsaWFzRGF0YV8QUC4uLy4uLy4uL3N5bmMvTGl0ZXJhdHVyZS9UcmFpbl8yMDA5X0Rpc2NyZXRlIENob2ljZSBNZXRob2RzIHdpdGggU2ltdWxhdGlvbmUucGRm0hcLGBlXTlMuZGF0YU8RAj4AAAAAAj4AAgAADE1hY2ludG9zaCBIRAAAAAAAAAAAAAAAAAAAAM6XudNIKwAAAA68MR9UcmFpbl8yMDA5X0Rpc2NyZXRlIEMjRUMwNUMucGRmAAAAAAAAAAAAAAAAAAAAAAAAAAAAAAAAAAAAAAAAAAAADsBcxo6GqAAAAAAAAAAAAAMAAwAACSAAAAAAAAAAAAAAAAAAAAAKTGl0ZXJhdHVyZQAQAAgAAM6Xq8MAAAARAAgAAMaOaogAAAABABgADrwxAA67uQAN7wQADca1AAxPPQACZI4AAgBbTWFjaW50b3NoIEhEOlVzZXJzOgBtaWNoYToARGVza3RvcDoAZGF0YToAc3luYzoATGl0ZXJhdHVyZToAVHJhaW5fMjAwOV9EaXNjcmV0ZSBDI0VDMDVDLnBkZgAADgBwADcAVAByAGEAaQBuAF8AMgAwADAAOQBfAEQAaQBzAGMAcgBlAHQAZQAgAEMAaABvAGkAYwBlACAATQBlAHQAaABvAGQAcwAgAHcAaQB0AGgAIABTAGkAbQB1AGwAYQB0AGkAbwBuAGUALgBwAGQAZgAPABoADABNAGEAYwBpAG4AdABvAHMAaAAgAEgARAASAGBVc2Vycy9taWNoYS9EZXNrdG9wL2RhdGEvc3luYy9MaXRlcmF0dXJlL1RyYWluXzIwMDlfRGlzY3JldGUgQ2hvaWNlIE1ldGhvZHMgd2l0aCBTaW11bGF0aW9uZS5wZGYAEwABLwAAFQACAAz//wAAgAbSGxwdHlokY2xhc3NuYW1lWCRjbGFzc2VzXU5TTXV0YWJsZURhdGGjHR8gVk5TRGF0YVhOU09iamVjdNIbHCIjXE5TRGljdGlvbmFyeaIiIF8QD05TS2V5ZWRBcmNoaXZlctEmJ1Ryb290gAEACAARABoAIwAtADIANwBAAEYATQBVAGAAZwBqAGwAbgBxAHMAdQB3AIQAjgDhAOYA7gMwAzIDNwNCA0sDWQNdA2QDbQNyA38DggOUA5cDnAAAAAAAAAIBAAAAAAAAACgAAAAAAAAAAAAAAAAAAAOe},
	Bdsk-File-7 = {YnBsaXN0MDDUAQIDBAUGJCVYJHZlcnNpb25YJG9iamVjdHNZJGFyY2hpdmVyVCR0b3ASAAGGoKgHCBMUFRYaIVUkbnVsbNMJCgsMDxJXTlMua2V5c1pOUy5vYmplY3RzViRjbGFzc6INDoACgAOiEBGABIAFgAdccmVsYXRpdmVQYXRoWWFsaWFzRGF0YV8QUC4uLy4uLy4uL3N5bmMvTGl0ZXJhdHVyZS9UcmFpbl8yMDA5X0Rpc2NyZXRlIENob2ljZSBNZXRob2RzIHdpdGggU2ltdWxhdGlvbmYucGRm0hcLGBlXTlMuZGF0YU8RAj4AAAAAAj4AAgAADE1hY2ludG9zaCBIRAAAAAAAAAAAAAAAAAAAAM6XudNIKwAAAA68MR9UcmFpbl8yMDA5X0Rpc2NyZXRlIEMjRUMwNUQucGRmAAAAAAAAAAAAAAAAAAAAAAAAAAAAAAAAAAAAAAAAAAAADsBdxo6GqAAAAAAAAAAAAAMAAwAACSAAAAAAAAAAAAAAAAAAAAAKTGl0ZXJhdHVyZQAQAAgAAM6Xq8MAAAARAAgAAMaOaogAAAABABgADrwxAA67uQAN7wQADca1AAxPPQACZI4AAgBbTWFjaW50b3NoIEhEOlVzZXJzOgBtaWNoYToARGVza3RvcDoAZGF0YToAc3luYzoATGl0ZXJhdHVyZToAVHJhaW5fMjAwOV9EaXNjcmV0ZSBDI0VDMDVELnBkZgAADgBwADcAVAByAGEAaQBuAF8AMgAwADAAOQBfAEQAaQBzAGMAcgBlAHQAZQAgAEMAaABvAGkAYwBlACAATQBlAHQAaABvAGQAcwAgAHcAaQB0AGgAIABTAGkAbQB1AGwAYQB0AGkAbwBuAGYALgBwAGQAZgAPABoADABNAGEAYwBpAG4AdABvAHMAaAAgAEgARAASAGBVc2Vycy9taWNoYS9EZXNrdG9wL2RhdGEvc3luYy9MaXRlcmF0dXJlL1RyYWluXzIwMDlfRGlzY3JldGUgQ2hvaWNlIE1ldGhvZHMgd2l0aCBTaW11bGF0aW9uZi5wZGYAEwABLwAAFQACAAz//wAAgAbSGxwdHlokY2xhc3NuYW1lWCRjbGFzc2VzXU5TTXV0YWJsZURhdGGjHR8gVk5TRGF0YVhOU09iamVjdNIbHCIjXE5TRGljdGlvbmFyeaIiIF8QD05TS2V5ZWRBcmNoaXZlctEmJ1Ryb290gAEACAARABoAIwAtADIANwBAAEYATQBVAGAAZwBqAGwAbgBxAHMAdQB3AIQAjgDhAOYA7gMwAzIDNwNCA0sDWQNdA2QDbQNyA38DggOUA5cDnAAAAAAAAAIBAAAAAAAAACgAAAAAAAAAAAAAAAAAAAOe},
	Bdsk-File-8 = {YnBsaXN0MDDUAQIDBAUGJCVYJHZlcnNpb25YJG9iamVjdHNZJGFyY2hpdmVyVCR0b3ASAAGGoKgHCBMUFRYaIVUkbnVsbNMJCgsMDxJXTlMua2V5c1pOUy5vYmplY3RzViRjbGFzc6INDoACgAOiEBGABIAFgAdccmVsYXRpdmVQYXRoWWFsaWFzRGF0YV8QUC4uLy4uLy4uL3N5bmMvTGl0ZXJhdHVyZS9UcmFpbl8yMDA5X0Rpc2NyZXRlIENob2ljZSBNZXRob2RzIHdpdGggU2ltdWxhdGlvbmcucGRm0hcLGBlXTlMuZGF0YU8RAj4AAAAAAj4AAgAADE1hY2ludG9zaCBIRAAAAAAAAAAAAAAAAAAAAM6XudNIKwAAAA68MR9UcmFpbl8yMDA5X0Rpc2NyZXRlIEMjRUMwNUUucGRmAAAAAAAAAAAAAAAAAAAAAAAAAAAAAAAAAAAAAAAAAAAADsBexo6GqAAAAAAAAAAAAAMAAwAACSAAAAAAAAAAAAAAAAAAAAAKTGl0ZXJhdHVyZQAQAAgAAM6Xq8MAAAARAAgAAMaOaogAAAABABgADrwxAA67uQAN7wQADca1AAxPPQACZI4AAgBbTWFjaW50b3NoIEhEOlVzZXJzOgBtaWNoYToARGVza3RvcDoAZGF0YToAc3luYzoATGl0ZXJhdHVyZToAVHJhaW5fMjAwOV9EaXNjcmV0ZSBDI0VDMDVFLnBkZgAADgBwADcAVAByAGEAaQBuAF8AMgAwADAAOQBfAEQAaQBzAGMAcgBlAHQAZQAgAEMAaABvAGkAYwBlACAATQBlAHQAaABvAGQAcwAgAHcAaQB0AGgAIABTAGkAbQB1AGwAYQB0AGkAbwBuAGcALgBwAGQAZgAPABoADABNAGEAYwBpAG4AdABvAHMAaAAgAEgARAASAGBVc2Vycy9taWNoYS9EZXNrdG9wL2RhdGEvc3luYy9MaXRlcmF0dXJlL1RyYWluXzIwMDlfRGlzY3JldGUgQ2hvaWNlIE1ldGhvZHMgd2l0aCBTaW11bGF0aW9uZy5wZGYAEwABLwAAFQACAAz//wAAgAbSGxwdHlokY2xhc3NuYW1lWCRjbGFzc2VzXU5TTXV0YWJsZURhdGGjHR8gVk5TRGF0YVhOU09iamVjdNIbHCIjXE5TRGljdGlvbmFyeaIiIF8QD05TS2V5ZWRBcmNoaXZlctEmJ1Ryb290gAEACAARABoAIwAtADIANwBAAEYATQBVAGAAZwBqAGwAbgBxAHMAdQB3AIQAjgDhAOYA7gMwAzIDNwNCA0sDWQNdA2QDbQNyA38DggOUA5cDnAAAAAAAAAIBAAAAAAAAACgAAAAAAAAAAAAAAAAAAAOe},
	Bdsk-File-9 = {YnBsaXN0MDDUAQIDBAUGJCVYJHZlcnNpb25YJG9iamVjdHNZJGFyY2hpdmVyVCR0b3ASAAGGoKgHCBMUFRYaIVUkbnVsbNMJCgsMDxJXTlMua2V5c1pOUy5vYmplY3RzViRjbGFzc6INDoACgAOiEBGABIAFgAdccmVsYXRpdmVQYXRoWWFsaWFzRGF0YV8QUC4uLy4uLy4uL3N5bmMvTGl0ZXJhdHVyZS9UcmFpbl8yMDA5X0Rpc2NyZXRlIENob2ljZSBNZXRob2RzIHdpdGggU2ltdWxhdGlvbmgucGRm0hcLGBlXTlMuZGF0YU8RAj4AAAAAAj4AAgAADE1hY2ludG9zaCBIRAAAAAAAAAAAAAAAAAAAAM6XudNIKwAAAA68MR9UcmFpbl8yMDA5X0Rpc2NyZXRlIEMjRUMwNUYucGRmAAAAAAAAAAAAAAAAAAAAAAAAAAAAAAAAAAAAAAAAAAAADsBfxo6GqAAAAAAAAAAAAAMAAwAACSAAAAAAAAAAAAAAAAAAAAAKTGl0ZXJhdHVyZQAQAAgAAM6Xq8MAAAARAAgAAMaOaogAAAABABgADrwxAA67uQAN7wQADca1AAxPPQACZI4AAgBbTWFjaW50b3NoIEhEOlVzZXJzOgBtaWNoYToARGVza3RvcDoAZGF0YToAc3luYzoATGl0ZXJhdHVyZToAVHJhaW5fMjAwOV9EaXNjcmV0ZSBDI0VDMDVGLnBkZgAADgBwADcAVAByAGEAaQBuAF8AMgAwADAAOQBfAEQAaQBzAGMAcgBlAHQAZQAgAEMAaABvAGkAYwBlACAATQBlAHQAaABvAGQAcwAgAHcAaQB0AGgAIABTAGkAbQB1AGwAYQB0AGkAbwBuAGgALgBwAGQAZgAPABoADABNAGEAYwBpAG4AdABvAHMAaAAgAEgARAASAGBVc2Vycy9taWNoYS9EZXNrdG9wL2RhdGEvc3luYy9MaXRlcmF0dXJlL1RyYWluXzIwMDlfRGlzY3JldGUgQ2hvaWNlIE1ldGhvZHMgd2l0aCBTaW11bGF0aW9uaC5wZGYAEwABLwAAFQACAAz//wAAgAbSGxwdHlokY2xhc3NuYW1lWCRjbGFzc2VzXU5TTXV0YWJsZURhdGGjHR8gVk5TRGF0YVhOU09iamVjdNIbHCIjXE5TRGljdGlvbmFyeaIiIF8QD05TS2V5ZWRBcmNoaXZlctEmJ1Ryb290gAEACAARABoAIwAtADIANwBAAEYATQBVAGAAZwBqAGwAbgBxAHMAdQB3AIQAjgDhAOYA7gMwAzIDNwNCA0sDWQNdA2QDbQNyA38DggOUA5cDnAAAAAAAAAIBAAAAAAAAACgAAAAAAAAAAAAAAAAAAAOe},
	Bdsk-File-10 = {YnBsaXN0MDDUAQIDBAUGJCVYJHZlcnNpb25YJG9iamVjdHNZJGFyY2hpdmVyVCR0b3ASAAGGoKgHCBMUFRYaIVUkbnVsbNMJCgsMDxJXTlMua2V5c1pOUy5vYmplY3RzViRjbGFzc6INDoACgAOiEBGABIAFgAdccmVsYXRpdmVQYXRoWWFsaWFzRGF0YV8QUC4uLy4uLy4uL3N5bmMvTGl0ZXJhdHVyZS9UcmFpbl8yMDA5X0Rpc2NyZXRlIENob2ljZSBNZXRob2RzIHdpdGggU2ltdWxhdGlvbmkucGRm0hcLGBlXTlMuZGF0YU8RAj4AAAAAAj4AAgAADE1hY2ludG9zaCBIRAAAAAAAAAAAAAAAAAAAAM6XudNIKwAAAA68MR9UcmFpbl8yMDA5X0Rpc2NyZXRlIEMjRUMwNjAucGRmAAAAAAAAAAAAAAAAAAAAAAAAAAAAAAAAAAAAAAAAAAAADsBgxo6GqAAAAAAAAAAAAAMAAwAACSAAAAAAAAAAAAAAAAAAAAAKTGl0ZXJhdHVyZQAQAAgAAM6Xq8MAAAARAAgAAMaOaogAAAABABgADrwxAA67uQAN7wQADca1AAxPPQACZI4AAgBbTWFjaW50b3NoIEhEOlVzZXJzOgBtaWNoYToARGVza3RvcDoAZGF0YToAc3luYzoATGl0ZXJhdHVyZToAVHJhaW5fMjAwOV9EaXNjcmV0ZSBDI0VDMDYwLnBkZgAADgBwADcAVAByAGEAaQBuAF8AMgAwADAAOQBfAEQAaQBzAGMAcgBlAHQAZQAgAEMAaABvAGkAYwBlACAATQBlAHQAaABvAGQAcwAgAHcAaQB0AGgAIABTAGkAbQB1AGwAYQB0AGkAbwBuAGkALgBwAGQAZgAPABoADABNAGEAYwBpAG4AdABvAHMAaAAgAEgARAASAGBVc2Vycy9taWNoYS9EZXNrdG9wL2RhdGEvc3luYy9MaXRlcmF0dXJlL1RyYWluXzIwMDlfRGlzY3JldGUgQ2hvaWNlIE1ldGhvZHMgd2l0aCBTaW11bGF0aW9uaS5wZGYAEwABLwAAFQACAAz//wAAgAbSGxwdHlokY2xhc3NuYW1lWCRjbGFzc2VzXU5TTXV0YWJsZURhdGGjHR8gVk5TRGF0YVhOU09iamVjdNIbHCIjXE5TRGljdGlvbmFyeaIiIF8QD05TS2V5ZWRBcmNoaXZlctEmJ1Ryb290gAEACAARABoAIwAtADIANwBAAEYATQBVAGAAZwBqAGwAbgBxAHMAdQB3AIQAjgDhAOYA7gMwAzIDNwNCA0sDWQNdA2QDbQNyA38DggOUA5cDnAAAAAAAAAIBAAAAAAAAACgAAAAAAAAAAAAAAAAAAAOe},
	Bdsk-File-11 = {YnBsaXN0MDDUAQIDBAUGJCVYJHZlcnNpb25YJG9iamVjdHNZJGFyY2hpdmVyVCR0b3ASAAGGoKgHCBMUFRYaIVUkbnVsbNMJCgsMDxJXTlMua2V5c1pOUy5vYmplY3RzViRjbGFzc6INDoACgAOiEBGABIAFgAdccmVsYXRpdmVQYXRoWWFsaWFzRGF0YV8QUC4uLy4uLy4uL3N5bmMvTGl0ZXJhdHVyZS9UcmFpbl8yMDA5X0Rpc2NyZXRlIENob2ljZSBNZXRob2RzIHdpdGggU2ltdWxhdGlvbmoucGRm0hcLGBlXTlMuZGF0YU8RAj4AAAAAAj4AAgAADE1hY2ludG9zaCBIRAAAAAAAAAAAAAAAAAAAAM6XudNIKwAAAA68MR9UcmFpbl8yMDA5X0Rpc2NyZXRlIEMjRUMwNjEucGRmAAAAAAAAAAAAAAAAAAAAAAAAAAAAAAAAAAAAAAAAAAAADsBhxo6GqAAAAAAAAAAAAAMAAwAACSAAAAAAAAAAAAAAAAAAAAAKTGl0ZXJhdHVyZQAQAAgAAM6Xq8MAAAARAAgAAMaOaogAAAABABgADrwxAA67uQAN7wQADca1AAxPPQACZI4AAgBbTWFjaW50b3NoIEhEOlVzZXJzOgBtaWNoYToARGVza3RvcDoAZGF0YToAc3luYzoATGl0ZXJhdHVyZToAVHJhaW5fMjAwOV9EaXNjcmV0ZSBDI0VDMDYxLnBkZgAADgBwADcAVAByAGEAaQBuAF8AMgAwADAAOQBfAEQAaQBzAGMAcgBlAHQAZQAgAEMAaABvAGkAYwBlACAATQBlAHQAaABvAGQAcwAgAHcAaQB0AGgAIABTAGkAbQB1AGwAYQB0AGkAbwBuAGoALgBwAGQAZgAPABoADABNAGEAYwBpAG4AdABvAHMAaAAgAEgARAASAGBVc2Vycy9taWNoYS9EZXNrdG9wL2RhdGEvc3luYy9MaXRlcmF0dXJlL1RyYWluXzIwMDlfRGlzY3JldGUgQ2hvaWNlIE1ldGhvZHMgd2l0aCBTaW11bGF0aW9uai5wZGYAEwABLwAAFQACAAz//wAAgAbSGxwdHlokY2xhc3NuYW1lWCRjbGFzc2VzXU5TTXV0YWJsZURhdGGjHR8gVk5TRGF0YVhOU09iamVjdNIbHCIjXE5TRGljdGlvbmFyeaIiIF8QD05TS2V5ZWRBcmNoaXZlctEmJ1Ryb290gAEACAARABoAIwAtADIANwBAAEYATQBVAGAAZwBqAGwAbgBxAHMAdQB3AIQAjgDhAOYA7gMwAzIDNwNCA0sDWQNdA2QDbQNyA38DggOUA5cDnAAAAAAAAAIBAAAAAAAAACgAAAAAAAAAAAAAAAAAAAOe},
	Bdsk-File-12 = {YnBsaXN0MDDUAQIDBAUGJCVYJHZlcnNpb25YJG9iamVjdHNZJGFyY2hpdmVyVCR0b3ASAAGGoKgHCBMUFRYaIVUkbnVsbNMJCgsMDxJXTlMua2V5c1pOUy5vYmplY3RzViRjbGFzc6INDoACgAOiEBGABIAFgAdccmVsYXRpdmVQYXRoWWFsaWFzRGF0YV8QUC4uLy4uLy4uL3N5bmMvTGl0ZXJhdHVyZS9UcmFpbl8yMDA5X0Rpc2NyZXRlIENob2ljZSBNZXRob2RzIHdpdGggU2ltdWxhdGlvbmsucGRm0hcLGBlXTlMuZGF0YU8RAj4AAAAAAj4AAgAADE1hY2ludG9zaCBIRAAAAAAAAAAAAAAAAAAAAM6XudNIKwAAAA68MR9UcmFpbl8yMDA5X0Rpc2NyZXRlIEMjRUMwNjIucGRmAAAAAAAAAAAAAAAAAAAAAAAAAAAAAAAAAAAAAAAAAAAADsBixo6GqAAAAAAAAAAAAAMAAwAACSAAAAAAAAAAAAAAAAAAAAAKTGl0ZXJhdHVyZQAQAAgAAM6Xq8MAAAARAAgAAMaOaogAAAABABgADrwxAA67uQAN7wQADca1AAxPPQACZI4AAgBbTWFjaW50b3NoIEhEOlVzZXJzOgBtaWNoYToARGVza3RvcDoAZGF0YToAc3luYzoATGl0ZXJhdHVyZToAVHJhaW5fMjAwOV9EaXNjcmV0ZSBDI0VDMDYyLnBkZgAADgBwADcAVAByAGEAaQBuAF8AMgAwADAAOQBfAEQAaQBzAGMAcgBlAHQAZQAgAEMAaABvAGkAYwBlACAATQBlAHQAaABvAGQAcwAgAHcAaQB0AGgAIABTAGkAbQB1AGwAYQB0AGkAbwBuAGsALgBwAGQAZgAPABoADABNAGEAYwBpAG4AdABvAHMAaAAgAEgARAASAGBVc2Vycy9taWNoYS9EZXNrdG9wL2RhdGEvc3luYy9MaXRlcmF0dXJlL1RyYWluXzIwMDlfRGlzY3JldGUgQ2hvaWNlIE1ldGhvZHMgd2l0aCBTaW11bGF0aW9uay5wZGYAEwABLwAAFQACAAz//wAAgAbSGxwdHlokY2xhc3NuYW1lWCRjbGFzc2VzXU5TTXV0YWJsZURhdGGjHR8gVk5TRGF0YVhOU09iamVjdNIbHCIjXE5TRGljdGlvbmFyeaIiIF8QD05TS2V5ZWRBcmNoaXZlctEmJ1Ryb290gAEACAARABoAIwAtADIANwBAAEYATQBVAGAAZwBqAGwAbgBxAHMAdQB3AIQAjgDhAOYA7gMwAzIDNwNCA0sDWQNdA2QDbQNyA38DggOUA5cDnAAAAAAAAAIBAAAAAAAAACgAAAAAAAAAAAAAAAAAAAOe},
	Bdsk-File-13 = {YnBsaXN0MDDUAQIDBAUGJCVYJHZlcnNpb25YJG9iamVjdHNZJGFyY2hpdmVyVCR0b3ASAAGGoKgHCBMUFRYaIVUkbnVsbNMJCgsMDxJXTlMua2V5c1pOUy5vYmplY3RzViRjbGFzc6INDoACgAOiEBGABIAFgAdccmVsYXRpdmVQYXRoWWFsaWFzRGF0YV8QUC4uLy4uLy4uL3N5bmMvTGl0ZXJhdHVyZS9UcmFpbl8yMDA5X0Rpc2NyZXRlIENob2ljZSBNZXRob2RzIHdpdGggU2ltdWxhdGlvbmwucGRm0hcLGBlXTlMuZGF0YU8RAj4AAAAAAj4AAgAADE1hY2ludG9zaCBIRAAAAAAAAAAAAAAAAAAAAM6XudNIKwAAAA68MR9UcmFpbl8yMDA5X0Rpc2NyZXRlIEMjRUMwNjMucGRmAAAAAAAAAAAAAAAAAAAAAAAAAAAAAAAAAAAAAAAAAAAADsBjxo6GqAAAAAAAAAAAAAMAAwAACSAAAAAAAAAAAAAAAAAAAAAKTGl0ZXJhdHVyZQAQAAgAAM6Xq8MAAAARAAgAAMaOaogAAAABABgADrwxAA67uQAN7wQADca1AAxPPQACZI4AAgBbTWFjaW50b3NoIEhEOlVzZXJzOgBtaWNoYToARGVza3RvcDoAZGF0YToAc3luYzoATGl0ZXJhdHVyZToAVHJhaW5fMjAwOV9EaXNjcmV0ZSBDI0VDMDYzLnBkZgAADgBwADcAVAByAGEAaQBuAF8AMgAwADAAOQBfAEQAaQBzAGMAcgBlAHQAZQAgAEMAaABvAGkAYwBlACAATQBlAHQAaABvAGQAcwAgAHcAaQB0AGgAIABTAGkAbQB1AGwAYQB0AGkAbwBuAGwALgBwAGQAZgAPABoADABNAGEAYwBpAG4AdABvAHMAaAAgAEgARAASAGBVc2Vycy9taWNoYS9EZXNrdG9wL2RhdGEvc3luYy9MaXRlcmF0dXJlL1RyYWluXzIwMDlfRGlzY3JldGUgQ2hvaWNlIE1ldGhvZHMgd2l0aCBTaW11bGF0aW9ubC5wZGYAEwABLwAAFQACAAz//wAAgAbSGxwdHlokY2xhc3NuYW1lWCRjbGFzc2VzXU5TTXV0YWJsZURhdGGjHR8gVk5TRGF0YVhOU09iamVjdNIbHCIjXE5TRGljdGlvbmFyeaIiIF8QD05TS2V5ZWRBcmNoaXZlctEmJ1Ryb290gAEACAARABoAIwAtADIANwBAAEYATQBVAGAAZwBqAGwAbgBxAHMAdQB3AIQAjgDhAOYA7gMwAzIDNwNCA0sDWQNdA2QDbQNyA38DggOUA5cDnAAAAAAAAAIBAAAAAAAAACgAAAAAAAAAAAAAAAAAAAOe},
	Bdsk-File-14 = {YnBsaXN0MDDUAQIDBAUGJCVYJHZlcnNpb25YJG9iamVjdHNZJGFyY2hpdmVyVCR0b3ASAAGGoKgHCBMUFRYaIVUkbnVsbNMJCgsMDxJXTlMua2V5c1pOUy5vYmplY3RzViRjbGFzc6INDoACgAOiEBGABIAFgAdccmVsYXRpdmVQYXRoWWFsaWFzRGF0YV8QUC4uLy4uLy4uL3N5bmMvTGl0ZXJhdHVyZS9UcmFpbl8yMDA5X0Rpc2NyZXRlIENob2ljZSBNZXRob2RzIHdpdGggU2ltdWxhdGlvbm0ucGRm0hcLGBlXTlMuZGF0YU8RAj4AAAAAAj4AAgAADE1hY2ludG9zaCBIRAAAAAAAAAAAAAAAAAAAAM6XudNIKwAAAA68MR9UcmFpbl8yMDA5X0Rpc2NyZXRlIEMjRUMwNjQucGRmAAAAAAAAAAAAAAAAAAAAAAAAAAAAAAAAAAAAAAAAAAAADsBkxo6GpgAAAAAAAAAAAAMAAwAACSAAAAAAAAAAAAAAAAAAAAAKTGl0ZXJhdHVyZQAQAAgAAM6Xq8MAAAARAAgAAMaOaoYAAAABABgADrwxAA67uQAN7wQADca1AAxPPQACZI4AAgBbTWFjaW50b3NoIEhEOlVzZXJzOgBtaWNoYToARGVza3RvcDoAZGF0YToAc3luYzoATGl0ZXJhdHVyZToAVHJhaW5fMjAwOV9EaXNjcmV0ZSBDI0VDMDY0LnBkZgAADgBwADcAVAByAGEAaQBuAF8AMgAwADAAOQBfAEQAaQBzAGMAcgBlAHQAZQAgAEMAaABvAGkAYwBlACAATQBlAHQAaABvAGQAcwAgAHcAaQB0AGgAIABTAGkAbQB1AGwAYQB0AGkAbwBuAG0ALgBwAGQAZgAPABoADABNAGEAYwBpAG4AdABvAHMAaAAgAEgARAASAGBVc2Vycy9taWNoYS9EZXNrdG9wL2RhdGEvc3luYy9MaXRlcmF0dXJlL1RyYWluXzIwMDlfRGlzY3JldGUgQ2hvaWNlIE1ldGhvZHMgd2l0aCBTaW11bGF0aW9ubS5wZGYAEwABLwAAFQACAAz//wAAgAbSGxwdHlokY2xhc3NuYW1lWCRjbGFzc2VzXU5TTXV0YWJsZURhdGGjHR8gVk5TRGF0YVhOU09iamVjdNIbHCIjXE5TRGljdGlvbmFyeaIiIF8QD05TS2V5ZWRBcmNoaXZlctEmJ1Ryb290gAEACAARABoAIwAtADIANwBAAEYATQBVAGAAZwBqAGwAbgBxAHMAdQB3AIQAjgDhAOYA7gMwAzIDNwNCA0sDWQNdA2QDbQNyA38DggOUA5cDnAAAAAAAAAIBAAAAAAAAACgAAAAAAAAAAAAAAAAAAAOe},
	Bdsk-File-15 = {YnBsaXN0MDDUAQIDBAUGJCVYJHZlcnNpb25YJG9iamVjdHNZJGFyY2hpdmVyVCR0b3ASAAGGoKgHCBMUFRYaIVUkbnVsbNMJCgsMDxJXTlMua2V5c1pOUy5vYmplY3RzViRjbGFzc6INDoACgAOiEBGABIAFgAdccmVsYXRpdmVQYXRoWWFsaWFzRGF0YV8QUC4uLy4uLy4uL3N5bmMvTGl0ZXJhdHVyZS9UcmFpbl8yMDA5X0Rpc2NyZXRlIENob2ljZSBNZXRob2RzIHdpdGggU2ltdWxhdGlvbm4ucGRm0hcLGBlXTlMuZGF0YU8RAj4AAAAAAj4AAgAADE1hY2ludG9zaCBIRAAAAAAAAAAAAAAAAAAAAM6XudNIKwAAAA68MR9UcmFpbl8yMDA5X0Rpc2NyZXRlIEMjRUMwNjUucGRmAAAAAAAAAAAAAAAAAAAAAAAAAAAAAAAAAAAAAAAAAAAADsBlxo6GpgAAAAAAAAAAAAMAAwAACSAAAAAAAAAAAAAAAAAAAAAKTGl0ZXJhdHVyZQAQAAgAAM6Xq8MAAAARAAgAAMaOaoYAAAABABgADrwxAA67uQAN7wQADca1AAxPPQACZI4AAgBbTWFjaW50b3NoIEhEOlVzZXJzOgBtaWNoYToARGVza3RvcDoAZGF0YToAc3luYzoATGl0ZXJhdHVyZToAVHJhaW5fMjAwOV9EaXNjcmV0ZSBDI0VDMDY1LnBkZgAADgBwADcAVAByAGEAaQBuAF8AMgAwADAAOQBfAEQAaQBzAGMAcgBlAHQAZQAgAEMAaABvAGkAYwBlACAATQBlAHQAaABvAGQAcwAgAHcAaQB0AGgAIABTAGkAbQB1AGwAYQB0AGkAbwBuAG4ALgBwAGQAZgAPABoADABNAGEAYwBpAG4AdABvAHMAaAAgAEgARAASAGBVc2Vycy9taWNoYS9EZXNrdG9wL2RhdGEvc3luYy9MaXRlcmF0dXJlL1RyYWluXzIwMDlfRGlzY3JldGUgQ2hvaWNlIE1ldGhvZHMgd2l0aCBTaW11bGF0aW9ubi5wZGYAEwABLwAAFQACAAz//wAAgAbSGxwdHlokY2xhc3NuYW1lWCRjbGFzc2VzXU5TTXV0YWJsZURhdGGjHR8gVk5TRGF0YVhOU09iamVjdNIbHCIjXE5TRGljdGlvbmFyeaIiIF8QD05TS2V5ZWRBcmNoaXZlctEmJ1Ryb290gAEACAARABoAIwAtADIANwBAAEYATQBVAGAAZwBqAGwAbgBxAHMAdQB3AIQAjgDhAOYA7gMwAzIDNwNCA0sDWQNdA2QDbQNyA38DggOUA5cDnAAAAAAAAAIBAAAAAAAAACgAAAAAAAAAAAAAAAAAAAOe},
	Bdsk-File-16 = {YnBsaXN0MDDUAQIDBAUGJCVYJHZlcnNpb25YJG9iamVjdHNZJGFyY2hpdmVyVCR0b3ASAAGGoKgHCBMUFRYaIVUkbnVsbNMJCgsMDxJXTlMua2V5c1pOUy5vYmplY3RzViRjbGFzc6INDoACgAOiEBGABIAFgAdccmVsYXRpdmVQYXRoWWFsaWFzRGF0YV8QUC4uLy4uLy4uL3N5bmMvTGl0ZXJhdHVyZS9UcmFpbl8yMDA5X0Rpc2NyZXRlIENob2ljZSBNZXRob2RzIHdpdGggU2ltdWxhdGlvbm8ucGRm0hcLGBlXTlMuZGF0YU8RAj4AAAAAAj4AAgAADE1hY2ludG9zaCBIRAAAAAAAAAAAAAAAAAAAAM6XudNIKwAAAA68MR9UcmFpbl8yMDA5X0Rpc2NyZXRlIEMjRUMwNjYucGRmAAAAAAAAAAAAAAAAAAAAAAAAAAAAAAAAAAAAAAAAAAAADsBmxo6GpgAAAAAAAAAAAAMAAwAACSAAAAAAAAAAAAAAAAAAAAAKTGl0ZXJhdHVyZQAQAAgAAM6Xq8MAAAARAAgAAMaOaoYAAAABABgADrwxAA67uQAN7wQADca1AAxPPQACZI4AAgBbTWFjaW50b3NoIEhEOlVzZXJzOgBtaWNoYToARGVza3RvcDoAZGF0YToAc3luYzoATGl0ZXJhdHVyZToAVHJhaW5fMjAwOV9EaXNjcmV0ZSBDI0VDMDY2LnBkZgAADgBwADcAVAByAGEAaQBuAF8AMgAwADAAOQBfAEQAaQBzAGMAcgBlAHQAZQAgAEMAaABvAGkAYwBlACAATQBlAHQAaABvAGQAcwAgAHcAaQB0AGgAIABTAGkAbQB1AGwAYQB0AGkAbwBuAG8ALgBwAGQAZgAPABoADABNAGEAYwBpAG4AdABvAHMAaAAgAEgARAASAGBVc2Vycy9taWNoYS9EZXNrdG9wL2RhdGEvc3luYy9MaXRlcmF0dXJlL1RyYWluXzIwMDlfRGlzY3JldGUgQ2hvaWNlIE1ldGhvZHMgd2l0aCBTaW11bGF0aW9uby5wZGYAEwABLwAAFQACAAz//wAAgAbSGxwdHlokY2xhc3NuYW1lWCRjbGFzc2VzXU5TTXV0YWJsZURhdGGjHR8gVk5TRGF0YVhOU09iamVjdNIbHCIjXE5TRGljdGlvbmFyeaIiIF8QD05TS2V5ZWRBcmNoaXZlctEmJ1Ryb290gAEACAARABoAIwAtADIANwBAAEYATQBVAGAAZwBqAGwAbgBxAHMAdQB3AIQAjgDhAOYA7gMwAzIDNwNCA0sDWQNdA2QDbQNyA38DggOUA5cDnAAAAAAAAAIBAAAAAAAAACgAAAAAAAAAAAAAAAAAAAOe},
	Bdsk-File-17 = {YnBsaXN0MDDUAQIDBAUGJCVYJHZlcnNpb25YJG9iamVjdHNZJGFyY2hpdmVyVCR0b3ASAAGGoKgHCBMUFRYaIVUkbnVsbNMJCgsMDxJXTlMua2V5c1pOUy5vYmplY3RzViRjbGFzc6INDoACgAOiEBGABIAFgAdccmVsYXRpdmVQYXRoWWFsaWFzRGF0YV8QUC4uLy4uLy4uL3N5bmMvTGl0ZXJhdHVyZS9UcmFpbl8yMDA5X0Rpc2NyZXRlIENob2ljZSBNZXRob2RzIHdpdGggU2ltdWxhdGlvbnAucGRm0hcLGBlXTlMuZGF0YU8RAj4AAAAAAj4AAgAADE1hY2ludG9zaCBIRAAAAAAAAAAAAAAAAAAAAM6XudNIKwAAAA68MR9UcmFpbl8yMDA5X0Rpc2NyZXRlIEMjRUMwNjcucGRmAAAAAAAAAAAAAAAAAAAAAAAAAAAAAAAAAAAAAAAAAAAADsBnxo6GqAAAAAAAAAAAAAMAAwAACSAAAAAAAAAAAAAAAAAAAAAKTGl0ZXJhdHVyZQAQAAgAAM6Xq8MAAAARAAgAAMaOaogAAAABABgADrwxAA67uQAN7wQADca1AAxPPQACZI4AAgBbTWFjaW50b3NoIEhEOlVzZXJzOgBtaWNoYToARGVza3RvcDoAZGF0YToAc3luYzoATGl0ZXJhdHVyZToAVHJhaW5fMjAwOV9EaXNjcmV0ZSBDI0VDMDY3LnBkZgAADgBwADcAVAByAGEAaQBuAF8AMgAwADAAOQBfAEQAaQBzAGMAcgBlAHQAZQAgAEMAaABvAGkAYwBlACAATQBlAHQAaABvAGQAcwAgAHcAaQB0AGgAIABTAGkAbQB1AGwAYQB0AGkAbwBuAHAALgBwAGQAZgAPABoADABNAGEAYwBpAG4AdABvAHMAaAAgAEgARAASAGBVc2Vycy9taWNoYS9EZXNrdG9wL2RhdGEvc3luYy9MaXRlcmF0dXJlL1RyYWluXzIwMDlfRGlzY3JldGUgQ2hvaWNlIE1ldGhvZHMgd2l0aCBTaW11bGF0aW9ucC5wZGYAEwABLwAAFQACAAz//wAAgAbSGxwdHlokY2xhc3NuYW1lWCRjbGFzc2VzXU5TTXV0YWJsZURhdGGjHR8gVk5TRGF0YVhOU09iamVjdNIbHCIjXE5TRGljdGlvbmFyeaIiIF8QD05TS2V5ZWRBcmNoaXZlctEmJ1Ryb290gAEACAARABoAIwAtADIANwBAAEYATQBVAGAAZwBqAGwAbgBxAHMAdQB3AIQAjgDhAOYA7gMwAzIDNwNCA0sDWQNdA2QDbQNyA38DggOUA5cDnAAAAAAAAAIBAAAAAAAAACgAAAAAAAAAAAAAAAAAAAOe}}

@article{SpikeStadler2016:Minimal-Require,
	Author = {Matthew Spike and Kevin Stadler and Simon Kirby and Kenny Smith},
	Date-Added = {2017-04-27 09:43:03 +0000},
	Date-Modified = {2017-04-27 09:43:03 +0000},
	Doi = {10.1111/cogs.12351},
	Journal = {Cognitive Science},
	Title = {Minimal Requirements for the Emergence of Learned Signaling},
	Year = {2016},
	Bdsk-File-1 = {YnBsaXN0MDDUAQIDBAUGJCVYJHZlcnNpb25YJG9iamVjdHNZJGFyY2hpdmVyVCR0b3ASAAGGoKgHCBMUFRYaIVUkbnVsbNMJCgsMDxJXTlMua2V5c1pOUy5vYmplY3RzViRjbGFzc6INDoACgAOiEBGABIAFgAdccmVsYXRpdmVQYXRoWWFsaWFzRGF0YV8Qai4uLy4uLy4uL3N5bmMvTGl0ZXJhdHVyZS9TcGlrZVN0YWRsZXJfMjAxNl9NaW5pbWFsIFJlcXVpcmVtZW50cyBmb3IgdGhlIEVtZXJnZW5jZSBvZiBMZWFybmVkIFNpZ25hbGluZy5wZGbSFwsYGVdOUy5kYXRhTxECjAAAAAACjAACAAAMTWFjaW50b3NoIEhEAAAAAAAAAAAAAAAAAAAAzpe500grAAAADrwxH1NwaWtlU3RhZGxlcl8yMDE2X00jMTJGQzU2OS5wZGYAAAAAAAAAAAAAAAAAAAAAAAAAAAAAAAAAAAAAAAAAAAEvxWnT5mSxAAAAAAAAAAAAAwADAAAJIAAAAAAAAAAAAAAAAAAAAApMaXRlcmF0dXJlABAACAAAzperwwAAABEACAAA0+ZIkQAAAAEAGAAOvDEADru5AA3vBAANxrUADE89AAJkjgACAFtNYWNpbnRvc2ggSEQ6VXNlcnM6AG1pY2hhOgBEZXNrdG9wOgBkYXRhOgBzeW5jOgBMaXRlcmF0dXJlOgBTcGlrZVN0YWRsZXJfMjAxNl9NIzEyRkM1NjkucGRmAAAOAKQAUQBTAHAAaQBrAGUAUwB0AGEAZABsAGUAcgBfADIAMAAxADYAXwBNAGkAbgBpAG0AYQBsACAAUgBlAHEAdQBpAHIAZQBtAGUAbgB0AHMAIABmAG8AcgAgAHQAaABlACAARQBtAGUAcgBnAGUAbgBjAGUAIABvAGYAIABMAGUAYQByAG4AZQBkACAAUwBpAGcAbgBhAGwAaQBuAGcALgBwAGQAZgAPABoADABNAGEAYwBpAG4AdABvAHMAaAAgAEgARAASAHpVc2Vycy9taWNoYS9EZXNrdG9wL2RhdGEvc3luYy9MaXRlcmF0dXJlL1NwaWtlU3RhZGxlcl8yMDE2X01pbmltYWwgUmVxdWlyZW1lbnRzIGZvciB0aGUgRW1lcmdlbmNlIG9mIExlYXJuZWQgU2lnbmFsaW5nLnBkZgATAAEvAAAVAAIADP//AACABtIbHB0eWiRjbGFzc25hbWVYJGNsYXNzZXNdTlNNdXRhYmxlRGF0YaMdHyBWTlNEYXRhWE5TT2JqZWN00hscIiNcTlNEaWN0aW9uYXJ5oiIgXxAPTlNLZXllZEFyY2hpdmVy0SYnVHJvb3SAAQAIABEAGgAjAC0AMgA3AEAARgBNAFUAYABnAGoAbABuAHEAcwB1AHcAhACOAPsBAAEIA5gDmgOfA6oDswPBA8UDzAPVA9oD5wPqA/wD/wQEAAAAAAAAAgEAAAAAAAAAKAAAAAAAAAAAAAAAAAAABAY=}}

@article{ThompsonKirby2016:Culture-Shapes-,
	Author = {Bill Thompson and Simon Kirby and Kenny Smith},
	Date-Added = {2017-04-27 09:42:05 +0000},
	Date-Modified = {2017-04-27 09:42:05 +0000},
	Doi = {10.1073/pnas.1523631113},
	Journal = {Proceedings of the National Academy of Sciences of the United States of America},
	Number = {16},
	Pages = {4530--4535},
	Title = {Culture Shapes the Evolution of Cognition},
	Volume = {113},
	Year = {2016},
	Bdsk-File-1 = {YnBsaXN0MDDUAQIDBAUGJCVYJHZlcnNpb25YJG9iamVjdHNZJGFyY2hpdmVyVCR0b3ASAAGGoKgHCBMUFRYaIVUkbnVsbNMJCgsMDxJXTlMua2V5c1pOUy5vYmplY3RzViRjbGFzc6INDoACgAOiEBGABIAFgAdccmVsYXRpdmVQYXRoWWFsaWFzRGF0YV8QWi4uLy4uLy4uL3N5bmMvTGl0ZXJhdHVyZS9UaG9tcHNvbktpcmJ5XzIwMTZfQ3VsdHVyZSBTaGFwZXMgdGhlIEV2b2x1dGlvbiBvZiBDb2duaXRpb25hLnBkZtIXCxgZV05TLmRhdGFPEQJcAAAAAAJcAAIAAAxNYWNpbnRvc2ggSEQAAAAAAAAAAAAAAAAAAADOl7nTSCsAAAAOvDEfVGhvbXBzb25LaXJieV8yMDE2XyMxMkZDNTZCLnBkZgAAAAAAAAAAAAAAAAAAAAAAAAAAAAAAAAAAAAAAAAAAAS/Fa9PmZLEAAAAAAAAAAAADAAMAAAkgAAAAAAAAAAAAAAAAAAAACkxpdGVyYXR1cmUAEAAIAADOl6vDAAAAEQAIAADT5kiRAAAAAQAYAA68MQAOu7kADe8EAA3GtQAMTz0AAmSOAAIAW01hY2ludG9zaCBIRDpVc2VyczoAbWljaGE6AERlc2t0b3A6AGRhdGE6AHN5bmM6AExpdGVyYXR1cmU6AFRob21wc29uS2lyYnlfMjAxNl8jMTJGQzU2Qi5wZGYAAA4AhABBAFQAaABvAG0AcABzAG8AbgBLAGkAcgBiAHkAXwAyADAAMQA2AF8AQwB1AGwAdAB1AHIAZQAgAFMAaABhAHAAZQBzACAAdABoAGUAIABFAHYAbwBsAHUAdABpAG8AbgAgAG8AZgAgAEMAbwBnAG4AaQB0AGkAbwBuAGEALgBwAGQAZgAPABoADABNAGEAYwBpAG4AdABvAHMAaAAgAEgARAASAGpVc2Vycy9taWNoYS9EZXNrdG9wL2RhdGEvc3luYy9MaXRlcmF0dXJlL1Rob21wc29uS2lyYnlfMjAxNl9DdWx0dXJlIFNoYXBlcyB0aGUgRXZvbHV0aW9uIG9mIENvZ25pdGlvbmEucGRmABMAAS8AABUAAgAM//8AAIAG0hscHR5aJGNsYXNzbmFtZVgkY2xhc3Nlc11OU011dGFibGVEYXRhox0fIFZOU0RhdGFYTlNPYmplY3TSGxwiI1xOU0RpY3Rpb25hcnmiIiBfEA9OU0tleWVkQXJjaGl2ZXLRJidUcm9vdIABAAgAEQAaACMALQAyADcAQABGAE0AVQBgAGcAagBsAG4AcQBzAHUAdwCEAI4A6wDwAPgDWANaA18DagNzA4EDhQOMA5UDmgOnA6oDvAO/A8QAAAAAAAACAQAAAAAAAAAoAAAAAAAAAAAAAAAAAAADxg==}}

@article{FrankeWagner2014:Game-Theory-and,
	Author = {Michael Franke and Elliott Wagner},
	Journal = {Language and Linguistics Compass},
	Pages = {359--372},
	Title = {Game Theory and the Evolution of Meaning},
	Volume = {8/9},
	Year = {2014}}

@article{Muhlenbernd2011:Learning-with-N,
	Author = {Roland M\"{u}hlenbernd},
	Date-Added = {2017-04-20 06:54:08 +0000},
	Date-Modified = {2017-04-20 06:54:08 +0000},
	Doi = {10.1007/s11229-011-9980-y},
	Journal = {Synthese},
	Pages = {87--109},
	Title = {Learning with Neighbors: {E}mergence of Convention in a Society of Learning Agents},
	Volume = {183},
	Year = {2011},
	Bdsk-Url-1 = {http://dx.doi.org/10.1007/s11229-011-9980-y}}

@article{Pagel2009:Human-Language-,
	Author = {Mark Pagel},
	Date-Added = {2017-04-20 06:49:37 +0000},
	Date-Modified = {2017-04-20 06:49:37 +0000},
	Doi = {10.1038/nrg2560},
	Journal = {Nature Reviews Genetics},
	Pages = {405--415},
	Title = {Human Language as a Culturally Transmitted Replicator},
	Volume = {10},
	Year = {2009},
	Bdsk-Url-1 = {http://dx.doi.org/10.1038/nrg2560}}

@book{BenzJager2006:Game-Theory-and,
	Address = {Hampshire},
	Date-Added = {2017-04-20 06:48:07 +0000},
	Date-Modified = {2017-04-20 06:48:07 +0000},
	Editor = {Anton Benz and Gerhard J{\"{a}}ger and {\SortNoop{Rooij}}van Rooij, Robert},
	Publisher = {Palgrave MacMillan},
	Title = {Game Theory and Pragmatics},
	Year = {2006}}

@article{Borgers1997,
	Author = {Tilman B{\"o}rgers and Rajiv Sarin},
	Doi = {http://dx.doi.org/10.1006/jeth.1997.2319},
	Issn = {0022-0531},
	Journal = {Journal of Economic Theory},
	Number = {1},
	Pages = {1 - 14},
	Title = {Learning Through Reinforcement and Replicator Dynamics},
	Url = {http://www.sciencedirect.com/science/article/pii/S002205319792319X},
	Volume = {77},
	Year = {1997},
	Bdsk-Url-1 = {http://www.sciencedirect.com/science/article/pii/S002205319792319X},
	Bdsk-Url-2 = {http://dx.doi.org/10.1006/jeth.1997.2319}}

@article{Mohlin2014:Optimal-Categor,
	Author = {Erik Mohlin},
	Journal = {Journal of Economic Theory},
	Pages = {356--381},
	Title = {Optimal Categorization},
	Volume = {152},
	Year = {2014}}

@article{Hopkins2005,
	Author = {Hopkins, Ed and Posch, Martin},
	Journal = {Games and Economic Behavior},
	Number = {1},
	Pages = {110-125},
	Title = {Attainability of boundary points under reinforcement learning},
	Url = {http://EconPapers.repec.org/RePEc:eee:gamebe:v:53:y:2005:i:1:p:110-125},
	Volume = {53},
	Year = {2005},
	Bdsk-Url-1 = {http://EconPapers.repec.org/RePEc:eee:gamebe:v:53:y:2005:i:1:p:110-125}}

@article{Beggs2005,
	Author = {Beggs, Alan},
	Journal = {Journal of Economic Theory},
	Number = {1},
	Pages = {1-36},
	Title = {On the convergence of reinforcement learning},
	Url = {http://EconPapers.repec.org/RePEc:eee:jetheo:v:122:y:2005:i:1:p:1-36},
	Volume = {122},
	Year = {2005},
	Bdsk-Url-1 = {http://EconPapers.repec.org/RePEc:eee:jetheo:v:122:y:2005:i:1:p:1-36}}

@article{Jager2007,
	Author = {Gerhard J\"a{}ger},
	Journal = {Linguistics and Philosophy},
	Number = {5},
	Pages = {551--564},
	Title = {The Evolution of Convex Categories},
	Volume = {30},
	Year = {2007}}

@inbook{Mehlberg1958,
	Author = {Henryk Mehlberg},
	Booktitle = {The Reach of Science},
	Pages = {256--259},
	Publisher = {University of Toronto Press},
	Title = {Truth and vagueness},
	Year = {1958}}

@article{Fine1975,
	Author = {Kit Fine},
	Journal = {Synthese},
	Number = {3-4},
	Pages = {265--300},
	Title = {Vagueness, Truth and Logic},
	Volume = {30},
	Year = {1975}}

@article{machina_truth_1976,
	Author = {Machina, Kenton F.},
	Journal = {Journal of Philosophical logic},
	Number = {1},
	Pages = {47--78},
	Title = {Truth, {{Belief}}, and {{Vagueness}}},
	Volume = {5},
	Year = {1976}}

@article{Zadeh1975,
	Author = {L. A. Zadeh},
	Journal = {Synthese},
	Number = {3-4},
	Pages = {407--428},
	Title = {Fuzzy Logic and Approximate Reasoning},
	Volume = {30},
	Year = {1975}}

@incollection{Edgington1997,
	Author = {Dorothy Edgington},
	Booktitle = {Vagueness: A Reader},
	Editor = {Rosanna Keefe and Peter Smith},
	Pages = {294-316},
	Publisher = {MIT Press},
	Title = {Vagueness by Degrees},
	Year = {1997}}

@incollection{Keefe1997,
	Author = {Rosanna Keefe and Peter Smith},
	Booktitle = {Vagueness: A Reader},
	Editor = {Rosanna Keefe and Peter Smith},
	Pages = {1-57},
	Publisher = {MIT Press},
	Title = {Introduction: theories of vagueness},
	Year = {1997}}

@article{OConnor2014-OCOEPC,
	Author = {Cailin O'Connor},
	Journal = {Philosophy of Science},
	Number = {5},
	Pages = {110--121},
	Title = {Evolving Perceptual Categories},
	Volume = {81},
	Year = {2014}}

@incollection{Haspelmath2003:The-geometry-of,
	Address = {Mahwah, New Jersey},
	Author = {Martin Haspelmath},
	Booktitle = {The new psychology of language, {Vol.~II}},
	Editor = {Michael Tomassello},
	Pages = {211--242},
	Publisher = {Lawrence Erlbaum},
	Title = {The geometry of grammatical meaning: {S}emantic maps and cross-linguistic comparison},
	Year = {2003}}

@article{LevinsonMeira2003:Natural-concept,
	Author = {Stephen Levinson and S\'{e}rgio Meira and {The Language and Cognition Group}},
	Journal = {Language},
	Number = {3},
	Pages = {485--516},
	Title = {`Natural concepts' in the spatial topological domain - adpositional meanings in crosslinguistic perspective: {A}n exercise in semantic typology},
	Volume = {79},
	Year = {2003}}

@book{Croft2003:Typology-and-Un,
	Address = {Cambridge, UK},
	Author = {William Croft},
	Publisher = {Cambridge University Press},
	Title = {Typology and Universals},
	Year = {2003}}

@article{Wilson1994,
	Author = {David S. Wilson and Elliott Sober},
	Doi = {10.1017/S0140525X00036104},
	Issn = {1469-1825},
	Issue = {04},
	Journal = {Behavioral and Brain Sciences},
	Month = {12},
	Numpages = {24},
	Pages = {585--608},
	Title = {Reintroducing group selection to the human behavioral sciences},
	Volume = {17},
	Year = {1994},
	Bdsk-Url-1 = {http://dx.doi.org/10.1017/S0140525X00036104}}

@article{OGorman2008,
	Author = {Rick O'Gorman and Kennon M. Sheldon and David S. Wilson},
	Doi = {10.1037/1089-2699.12.1.17},
	Issn = {1930-7802},
	Journal = {Group Dynamics: Theory, Research, and Practice},
	Keywords = {group-selection},
	Number = {1},
	Pages = {17--26},
	Priority = {2},
	Title = {{For the good of the group? Exploring group-level evolutionary adaptations using multilevel selection theory.}},
	Volume = {12},
	Year = {2008},
	Bdsk-Url-1 = {http://dx.doi.org/10.1037/1089-2699.12.1.17}}

@book{WCS,
	Address = {Stanford},
	Author = {Kay, P. and Berlin, B. and Maffi, L. and Merrifield, W. R. and Cook, R.},
	Publisher = {Center for the Study of Language and Information},
	Title = {The World Color Survey},
	Year = {2009}}

@article{KirbyGriffith2014:Iterated-Learni,
	Author = {Simon Kirby and Tom Griffith and Kenny Smith},
	Journal = {Current Opinion in Neurobiology},
	Pages = {108--114},
	Title = {Iterated Learning and the Evolution of Language},
	Volume = {28},
	Year = {2014}}

@article{GriffithsKalish2007:Language-Evolut,
	Author = {Thomas L. Griffiths and Michael L. Kalish},
	Journal = {Cognitive Science},
	Pages = {441--480},
	Title = {Language Evolution by Iterated Learning with Bayesian Agents},
	Volume = {31},
	Year = {2007}}

@article{Regier07,
	Author = {Regier, T. and Kay, P. and Khetarpal, N.},
	Journal = {Proceedings of the National Academy of Sciences},
	Pages = {1436-1441},
	Title = {Color naming reflects optimal partitions of color space},
	Volume = 104,
	Year = 2007}

@incollection{Jager2010,
	Address = {Berlin, Heidelberg},
	Author = {J{\"a}ger, Gerhard},
	Booktitle = {Logic, Language and Meaning: 17th Amsterdam Colloquium, Amsterdam, The Netherlands, December 16-18, 2009, Revised Selected Papers},
	Doi = {10.1007/978-3-642-14287-1_2},
	Editor = {Aloni, Maria and Bastiaanse, Harald and Jager, Tikitu and Schulz, Katrin},
	Isbn = {978-3-642-14287-1},
	Pages = {11--20},
	Publisher = {Springer Berlin Heidelberg},
	Title = {Natural Color Categories Are Convex Sets},
	Url = {\url{http://dx.doi.org/10.1007/978-3-642-14287-1_2}},
	Year = {2010},
	Bdsk-Url-1 = {http://dx.doi.org/10.1007/978-3-642-14287-1_2}}

@unpublished{Correia2015,
	Author = {Correia, Jos{\'e} Pedro and Ocel{\'a}k, Radek and Ma{\v s}ek, Jan},
	Doi = {10.13140/RG.2.1.1375.5763},
	Note = {manuscript},
	Title = {Towards more realistic modeling of linguistic color categorization},
	Url = {http://dx.doi.org/10.13140/RG.2.1.1375.5763},
	Year = {2016},
	Bdsk-Url-1 = {http://dx.doi.org/10.13140/RG.2.1.1375.5763}}

@incollection{luce-detection-1963,
	Author = {{Luce}, R. Duncan},
	Booktitle = {Handbook of {{Mathematical Psychology}}},
	Pages = {1--103},
	Publisher = {{John Wiley \& Sons.}},
	Timestamp = {2016-02-17T15:22:51Z},
	Title = {Detection and {{Recognition}}},
	Year = {1963}}

@incollection{takane-structures-1992,
	Address = {Hillsdale, N.J},
	Author = {{Takane}, Yoshio and {Shibayama}, Tadashi},
	Booktitle = {Multidimensional models of perception and cognition},
	Editor = {{Ashby}, F. Gregory},
	Isbn = {978-0-8058-0577-2},
	Keywords = {Cognition,Perception},
	Lccn = {BF311 .M67 1992},
	Publisher = {{L. Erlbaum}},
	Series = {Scientific psychology series},
	Timestamp = {2016-02-17T18:23:31Z},
	Title = {Structures in {{Stimulus Identification Data}}},
	Year = {1992}}

@incollection{donkin-why-2015,
	Author = {{Donkin}, Chris and {Rae}, Babette and {Heathcote}, Andrew and {Brown}, Scott D.},
	Booktitle = {The Oxford Handbook of Computational and Mathematical Psychology},
	Editor = {{Busemeyer}, Jerome R. and {Wang}, Zheng and {Townsend}, James T. and {Eidels}, Ami},
	Keywords = {Psychology / Cognitive Psychology \& Cognition},
	Pages = {121--141},
	Publisher = {{Oxford University Press}},
	Title = {Why Is Accurately Labeling Simple Magnitudes So Hard? A Past, Present, and Future Look at Simple Perceptual Judgment},
	Year = {2015}}

@incollection{sorensen_sorites_2009,
	Author = {Sorensen, Roy},
	Booktitle = {A Companion to Metaphysics},
	Edition = {Second},
	Editor = {Kim, Jaegwon and Sosa, Ernest and Rosenkrantz, Gary S.},
	Month = mar,
	Pages = {565--566},
	Publisher = {{John Wiley \& Sons}},
	Title = {Sorites Arguments},
	Year = {2009}}

@article{Unger1979,
	Author = {Peter Unger},
	Journal = {Synthese},
	Number = {2},
	Pages = {117--154},
	Publisher = {Springer},
	Title = {There Are No Ordinary Things},
	Volume = {41},
	Year = {1979}}

@article{quine_what_1981,
	Author = {Quine, W. V.},
	Journal = {The Journal of Philosophy},
	Number = {2},
	Pages = {90--95},
	Title = {What Price Bivalence?},
	Volume = {78},
	Year = {1981}}

@article{williamson_vagueness_1992,
	Author = {Williamson, Timothy and Simons, Peter},
	Journal = {Proceedings of the Aristotelian Society, Supplementary Volumes},
	Pages = {145--177},
	Title = {Vagueness and {{Ignorance}}},
	Volume = {66},
	Year = {1992}}

@article{tye_sorites_1994,
	Author = {Tye, Michael},
	Journal = {Philosophical perspectives},
	Pages = {189--206},
	Shorttitle = {Sorites {{Paradoxes}} and {{Vagueness}}},
	Title = {Sorites {{Paradoxes}} and the {{Semantics}} of {{Vagueness}}},
	Volume = {8},
	Year = {1994}}

@incollection{sainsbury_concepts_1999,
	Address = {Cambridge, Massachusetts},
	Author = {Sainsbury, R. Mark},
	Booktitle = {Vagueness: {{A Reader}}},
	Edition = {Paperback edition},
	Editor = {Keefe, Rosanna and Smith, Peter},
	Isbn = {978-0-262-61145-9},
	Month = jan,
	Publisher = {{MIT Press}},
	Title = {Concepts without Boundaries},
	Year = {1999}}

@book{wittgenstein_philosophical_1953,
	Address = {Chichester, West Sussex, U.K.; Malden, MA},
	Author = {Wittgenstein, Ludwig},
	Edition = {Revised 4th edition},
	Editor = {Hacker, P. M. S. and Schulte, Joachim},
	Isbn = {978-1-4051-5929-6},
	Publisher = {{Wiley-Blackwell}},
	Title = {Philosophical {{Investigations}}},
	Year = {1953/2009}}

@book{putnam_pragmatism_1994,
	Author = {Putnam, Hilary},
	Isbn = {978-0-631-19343-2},
	Publisher = {{Wiley-Blackwell}},
	Shorttitle = {Pragmatism},
	Title = {Pragmatism: {{An Open Question}}},
	Year = {1994}}

@incollection{rorty_wittgenstein_2007,
	Address = {Cambridge},
	Author = {Rorty, Richard},
	Booktitle = {Philosophy as {{Cultural Politics}}},
	Isbn = {978-0-521-69835-1},
	Number = {4},
	Pages = {160--175},
	Publisher = {{Cambridge University Press}},
	Series = {Philosophical Papers},
	Title = {Wittgenstein and the {{Linguistic Turn}}},
	Year = {2007}}

@book{kahane_wittgenstein_2007,
	Address = {Chichester},
	Edition = {Reprint edition},
	Editor = {Kahane, Guy and Kanterian, Edward and Kuusela, Oskari},
	Isbn = {978-1-118-59260-1},
	Publisher = {{Wiley-Blackwell}},
	Shorttitle = {Wittgenstein and {{His Interpreters}}},
	Title = {Wittgenstein and {{His Interpreters}}: {{Essays}} in {{Memory}} of {{Gordon Baker}}},
	Year = {2007/2013}}

@mastersthesis{correia_bivalent_2013,
	Author = {Correia, Jos{\'e} Pedro},
	School = {Universiteit van Amsterdam},
	Shorttitle = {The {{Bivalent Trap}}},
	Title = {The {{Bivalent Trap}}: {{Vagueness}}, {{Theories}} of {{Meaning}}, and {{Identity}}},
	Year = {2013}}

@book{lewis_convention_1969,
	Address = {Oxford},
	Author = {Lewis, David},
	Isbn = {978-0-631-23257-5},
	Publisher = {{Blackwell}},
	Shorttitle = {Convention},
	Title = {Convention: {{A Philosophical Study}}},
	Year = {1969/2011}}

@book{skyrms_evolution_1996,
	Author = {Skyrms, Brian},
	Isbn = {978-0-521-55583-8},
	Month = jun,
	Publisher = {{Cambridge University Press}},
	Title = {Evolution of the {{Social Contract}}},
	Year = {1996}}

@book{skyrms_signals_2010,
	Author = {Skyrms, Brian},
	Publisher = {{Oxford University Press}},
	Shorttitle = {Signals},
	Title = {Signals: {{Evolution}}, Learning, and Information},
	Year = {2010}}

@article{russell_vagueness_1923,
	Author = {Russell, Bertrand},
	Doi = {10.1080/00048402308540623},
	Issn = {1832-8660},
	Journal = {Australasian Journal of Psychology and Philosophy},
	Month = jun,
	Number = {2},
	Pages = {84--92},
	Title = {Vagueness},
	Volume = {1},
	Year = {1923},
	Bdsk-Url-1 = {http://dx.doi.org/10.1080/00048402308540623}}

@incollection{rorty_response_2000-1,
	Author = {Rorty, Richard},
	Booktitle = {Rorty and {{His Critics}}},
	Editor = {Brandom, Robert},
	Pages = {1--30},
	Publisher = {{Blackwell Publishers}},
	Title = {Universality and {{Truth}}},
	Year = {2000}}

@article{quine_truth_1936,
	Author = {Quine, W. V.},
	Journal = {Journal of Symbolic Logic},
	Pages = {77--106},
	Title = {Truth by {{Convention}}},
	Year = {1936}}

@book{dawkins_selfish_1978,
	Address = {London},
	Author = {Dawkins, Richard},
	Edition = {New edition edition},
	Isbn = {978-0-586-08316-1},
	Month = mar,
	Publisher = {{Flamingo}},
	Title = {The {{Selfish Gene}}},
	Year = {1978}}

@book{boyd_culture_1985,
	Author = {Boyd, Robert and Richerson, Peter J.},
	Publisher = {{University of Chicago Press}},
	Title = {Culture and the {{Evolutionary Process}}},
	Year = {1985}}

@article{barrett_faithful_2010,
	Author = {Barrett, Jeffrey A.},
	Doi = {10.1007/s11098-009-9456-9},
	Issn = {0031-8116, 1573-0883},
	Journal = {Philosophical Studies},
	Month = jan,
	Number = {1},
	Pages = {123--137},
	Title = {Faithful Description and the Incommensurability of Evolved Languages},
	Volume = {147},
	Year = {2010},
	Bdsk-Url-1 = {http://dx.doi.org/10.1007/s11098-009-9456-9}}

@article{jager_language_2007,
	Author = {J{\"a}ger, Gerhard and {van Rooij}, Robert},
	Doi = {10.1007/s11229-006-9073-5},
	Issn = {0039-7857, 1573-0964},
	Journal = {Synthese},
	Month = nov,
	Number = {1},
	Pages = {99--130},
	Shorttitle = {Language Structure},
	Title = {Language Structure: Psychological and Social Constraints},
	Volume = {159},
	Year = {2007},
	Bdsk-Url-1 = {http://dx.doi.org/10.1007/s11229-006-9073-5}}

@unpublished{lipman_why_2009,
	Author = {Lipman, Barton L.},
	Title = {Why Is Language Vague?},
	Year = {2009}}

@inproceedings{franke_vagueness_2011,
	Author = {Franke, Michael and J{\"a}ger, Gerhard and van Rooij, Robert},
	Booktitle = {New {{Frontiers}} in {{Artificial Intelligence}}},
	Doi = {10.1007/978-3-642-25655-4_5},
	Pages = {45--59},
	Publisher = {{Springer, Berlin, Heidelberg}},
	Title = {Vagueness, {{Signaling}} and {{Bounded Rationality}}},
	Year = {2011},
	Bdsk-Url-1 = {http://dx.doi.org/10.1007/978-3-642-25655-4_5}}

@article{oconnor_evolution_2014,
	Author = {O'Connor, Cailin},
	Journal = {Erkenntnis},
	Number = {4},
	Pages = {707--727},
	Title = {The Evolution of Vagueness},
	Volume = {79},
	Year = {2014}}

@article{franke_vagueness_2017,
	Author = {Franke, Michael and Correia, Jos{\'e} Pedro},
	Journal = {The British Journal for the Philosophy of Science},
	Title = {Vagueness and Imprecise Imitation in Signaling Games},
	Year = {to appear}}

@article{crawford_strategic_1982,
	Author = {Crawford, Vincent P. and Sobel, Joel},
	Journal = {Econometrica: Journal of the Econometric Society},
	Pages = {1431--1451},
	Title = {Strategic Information Transmission},
	Year = {1982}}

@article{blume_noisy_2007,
	Author = {Blume, Andreas and Board, Oliver J. and Kawamura, Kohei},
	Journal = {Theoretical Economics},
	Pages = {395--440},
	Title = {Noisy Talk},
	Volume = {2},
	Year = {2007}}

@article{blume_intentional_2014,
	Author = {Blume, Andreas and Board, Oliver},
	Journal = {Erkenntnis},
	Number = {4},
	Pages = {855--899},
	Title = {Intentional Vagueness},
	Volume = {79},
	Year = {2014}}

@article{jager_voronoi_2011,
	Author = {J{\"a}ger, Gerhard and Metzger, Lars P. and Riedel, Frank},
	Doi = {10.1016/j.geb.2011.03.008},
	Issn = {0899-8256},
	Journal = {Games and Economic Behavior},
	Month = nov,
	Number = {2},
	Pages = {517--537},
	Shorttitle = {Voronoi Languages},
	Title = {Voronoi Languages: {{Equilibria}} in Cheap-Talk Games with High-Dimensional Types and Few Signals},
	Volume = {73},
	Year = {2011},
	Bdsk-Url-1 = {http://dx.doi.org/10.1016/j.geb.2011.03.008}}

@article{barrett_evolution_2009,
	Author = {Barrett, Jeffrey A.},
	Doi = {10.1007/s11238-007-9064-0},
	Issn = {0040-5833, 1573-7187},
	Journal = {Theory and Decision},
	Month = aug,
	Number = {2},
	Pages = {223--237},
	Title = {The {{Evolution}} of {{Coding}} in {{Signaling Games}}},
	Volume = {67},
	Year = {2009},
	Bdsk-Url-1 = {http://dx.doi.org/10.1007/s11238-007-9064-0}}

@article{huttegger_how_2014,
	Author = {Huttegger, Simon M.},
	Doi = {10.1111/phc3.12100},
	Issn = {1747-9991},
	Journal = {Philosophy Compass},
	Language = {en},
	Month = jan,
	Number = {1},
	Pages = {11--21},
	Title = {How {{Much Rationality Do We Need}} to {{Explain Conventions}}?},
	Volume = {9},
	Year = {2014},
	Bdsk-Url-1 = {http://dx.doi.org/10.1111/phc3.12100}}

@article{huttegger_dynamics_2014,
	Author = {Huttegger, Simon and Skyrms, Brian and Tarr{\`e}s, Pierre and Wagner, Elliott},
	Doi = {10.1073/pnas.1400838111},
	Issn = {0027-8424},
	Journal = {Proceedings of the National Academy of Sciences of the United States of America},
	Month = jul,
	Number = {Suppl 3},
	Pages = {10873--10880},
	Pmcid = {PMC4113927},
	Pmid = {25024209},
	Title = {Some Dynamics of Signaling Games},
	Volume = {111},
	Year = {2014},
	Bdsk-Url-1 = {http://dx.doi.org/10.1073/pnas.1400838111}}

@article{oconnor_evolving_2015,
	Author = {O'Connor, Cailin},
	Journal = {The British Journal for the Philosophy of Science},
	Shorttitle = {Evolving to Generalize},
	Title = {Evolving to Generalize: {{Trading}} Precision for Speed},
	Year = {2015}}

@article{roth_learning_1995,
	Author = {Roth, Alvin E. and Erev, Ido},
	Journal = {Games and economic behavior},
	Number = {1},
	Pages = {164--212},
	Shorttitle = {Learning in Extensive-Form Games},
	Title = {Learning in Extensive-Form Games: {{Experimental}} Data and Simple Dynamic Models in the Intermediate Term},
	Volume = {8},
	Year = {1995}}

@book{brown_rationality_1990,
	Author = {Brown, Harold I.},
	Isbn = {978-0-415-05517-8},
	Publisher = {{Routledge}},
	Title = {Rationality},
	Year = {1990}}

@book{elster_ulysses_1979,
	Author = {Elster, Jon},
	Isbn = {978-0-521-22388-1},
	Month = may,
	Publisher = {{Cambridge University Press}},
	Shorttitle = {Ulysses and the {{Sirens}}},
	Title = {Ulysses and the {{Sirens}}: {{Studies}} in {{Rationality}} and {{Irrationality}}},
	Year = {1979}}

@article{ellison_learning_1993,
	Author = {Ellison, Glenn},
	Doi = {10.2307/2951493},
	Issn = {0012-9682},
	Journal = {Econometrica},
	Number = {5},
	Pages = {1047--1071},
	Title = {Learning, {{Local Interaction}}, and {{Coordination}}},
	Volume = {61},
	Year = {1993},
	Bdsk-Url-1 = {http://dx.doi.org/10.2307/2951493}}

@article{lawry_vagueness_2017,
	Author = {Lawry, Jonathan and James, Oliver},
	Doi = {10.1007/s10670-016-9862-2},
	Issn = {0165-0106, 1572-8420},
	Journal = {Erkenntnis},
	Language = {en},
	Month = mar,
	Pages = {1--38},
	Title = {Vagueness and {{Aggregation}} in {{Multiple Sender Channels}}},
	Year = {2017},
	Bdsk-Url-1 = {http://dx.doi.org/10.1007/s10670-016-9862-2}}
	
@book{hume_treatise_1738,
    address = {New York},
    title = {A Treatise of Human Nature},
    isbn = {978-0-7607-7172-3},
    language = {English},
    publisher = {{Barnes \& Noble}},
    author = {Hume, David and Levine, Michael P},
    year = {1738/2005},
    note = {OCLC: 962416442}
}

@article{simon_behavioral_1955,
  title = {A Behavioral Model of Rational Choice},
  volume = {69},
  number = {1},
  journal = {The quarterly journal of economics},
  author = {Simon, Herbert A.},
  year = {1955},
  pages = {99--118}
}

@article{gilboa_social_1991,
  title = {Social Stability and Equilibrium},
  journal = {Econometrica: Journal of the Econometric Society},
  author = {Gilboa, Itzhak and Matsui, Akihiko},
  year = {1991},
  pages = {859--867}
}

@book{maynard_smith_evolution_1982,
  address = {Cambridge; New York},
  title = {Evolution and the Theory of Games},
  isbn = {978-0-521-24673-6 978-0-521-28884-2},
  lccn = {QH371 .M325 1982},
  publisher = {{Cambridge University Press}},
  author = {Maynard Smith, John},
  year = {1982}
}
