@article{Borgers1997,
title = "Learning Through Reinforcement and Replicator Dynamics ",
journal = "Journal of Economic Theory ",
volume = "77",
number = "1",
pages = "1 - 14",
year = "1997",
note = "",
issn = "0022-0531",
doi = "http://dx.doi.org/10.1006/jeth.1997.2319",
url = "http://www.sciencedirect.com/science/article/pii/S002205319792319X",
author = "Tilman BÃ¶rgers and Rajiv Sarin",
}




@article{Mohlin2014:Optimal-Categor,
	Author = {Erik Mohlin},
	Journal = {Journal of Economic Theory},
	Pages = {356--381},
	Title = {Optimal Categorization},
	Volume = {152},
	Year = {2014}}


@ARTICLE{Hopkins2005,
title = {Attainability of boundary points under reinforcement learning},
author = {Hopkins, Ed and Posch, Martin},
year = {2005},
journal = {Games and Economic Behavior},
volume = {53},
number = {1},
pages = {110-125},
url = {http://EconPapers.repec.org/RePEc:eee:gamebe:v:53:y:2005:i:1:p:110-125},
}

@ARTICLE{Beggs2005,
title = {On the convergence of reinforcement learning},
author = {Beggs, Alan},
year = {2005},
journal = {Journal of Economic Theory},
volume = {122},
number = {1},
pages = {1-36},
url = {http://EconPapers.repec.org/RePEc:eee:jetheo:v:122:y:2005:i:1:p:1-36},
}

@article{Jager2007,
    volume = {30},
    number = {5},
    author = {Gerhard J\"a{}ger},
    title = {The Evolution of Convex Categories},
    journal = {Linguistics and Philosophy},
    year = {2007},
    pages = {551--564},
}

@inbook{Mehlberg1958,
	author = {Henryk Mehlberg},
	title = {Truth and vagueness},
    booktitle = {The Reach of Science},
    year = {1958},
    pages = {256--259},
    publisher = {University of Toronto Press},
}

@article{Fine1975,
	author = {Kit Fine},
	title = {Vagueness, Truth and Logic},
	year = {1975},
	journal = {Synthese},
	volume = {30},
	number = {3-4},
	pages = {265--300},
}

@article{Machina1976,
	author = {Kenton F. Machina},
	title = {Truth, Belief, and Vagueness},
	year = {1976},
	journal = {Journal of Philosophical Logic},
	volume = {5},
	number = {1},
	pages = {47--78},
}

@article{Zadeh1975,
	volume = {30},
	number = {3-4},
	author = {L. A. Zadeh},
	title = {Fuzzy Logic and Approximate Reasoning},
	journal = {Synthese},
	year = {1975},
	pages = {407--428},
}

@incollection{Edgington1997,
	author = {Dorothy Edgington},
	booktitle = {Vagueness: A Reader},
	editor = {Rosanna Keefe and Peter Smith},
	title = {Vagueness by Degrees},
	publisher = {MIT Press},
	year = {1997},
}

@article{OConnor2014-OCOEPC,
	author = {Cailin O'Connor},
	title = {Evolving Perceptual Categories},
	year = {2014},
	journal = {Philosophy of Science},
	volume = {81},
	number = {5},
	pages = {110--121},
}