@article{Borgers1997,
title = "Learning Through Reinforcement and Replicator Dynamics ",
journal = "Journal of Economic Theory ",
volume = "77",
number = "1",
pages = "1 - 14",
year = "1997",
note = "",
issn = "0022-0531",
doi = "http://dx.doi.org/10.1006/jeth.1997.2319",
url = "http://www.sciencedirect.com/science/article/pii/S002205319792319X",
author = "Tilman BÃ¶rgers and Rajiv Sarin",
}

@ARTICLE{Hopkins2005,
title = {Attainability of boundary points under reinforcement learning},
author = {Hopkins, Ed and Posch, Martin},
year = {2005},
journal = {Games and Economic Behavior},
volume = {53},
number = {1},
pages = {110-125},
url = {http://EconPapers.repec.org/RePEc:eee:gamebe:v:53:y:2005:i:1:p:110-125},
}

@ARTICLE{Beggs2005,
title = {On the convergence of reinforcement learning},
author = {Beggs, Alan},
year = {2005},
journal = {Journal of Economic Theory},
volume = {122},
number = {1},
pages = {1-36},
url = {http://EconPapers.repec.org/RePEc:eee:jetheo:v:122:y:2005:i:1:p:1-36},
}

@article{Jager2007,
    volume = {30},
    number = {5},
    author = {Gerhard J\"a{}ger},
    title = {The Evolution of Convex Categories},
    journal = {Linguistics and Philosophy},
    year = {2007},
    pages = {551--564},
}
